timestamp,utc,id,price,size
1592300622577,2020-06-16 09:43:42.577000,459487200,43.696,7.22769015
1592300622125,2020-06-16 09:43:42.125000,459487199,43.696,7.42030153
1592300472416,2020-06-16 09:41:12.416000,459487197,43.703,2.9973358
1592300472416,2020-06-16 09:41:12.416000,459487196,43.703,4.18219889
1592300471006,2020-06-16 09:41:11.006000,459487195,43.703,1.74960828
1592300471006,2020-06-16 09:41:11.006000,459487194,43.703,5.52432463
1592300457327,2020-06-16 09:40:57.327000,459487193,43.703,7.61208471
1592300448131,2020-06-16 09:40:48.131000,459487192,43.695,-0.10190799
1592300447365,2020-06-16 09:40:47.365000,459487191,43.703,7.41420325
1592300060647,2020-06-16 09:34:20.647000,459487188,43.731,-2.0
1592300047997,2020-06-16 09:34:07.997000,459487185,43.8,-2.368e-05
1592300043207,2020-06-16 09:34:03.207000,459487184,43.8,-43.934
1592300006815,2020-06-16 09:33:26.815000,459487181,43.8,-6.06597632
1592299087200,2020-06-16 09:18:07.200000,459385168,43.885,0.1
1592299064503,2020-06-16 09:17:44.503000,459385167,43.898,6.16318259
1592298933837,2020-06-16 09:15:33.837000,459385161,43.899,-0.00098
1592298932934,2020-06-16 09:15:32.934000,459385160,43.899,-33.043
1592298720282,2020-06-16 09:12:00.282000,459385154,43.931,8.16621819
1592298711059,2020-06-16 09:11:51.059000,459385153,43.903,-1.03
1592298711059,2020-06-16 09:11:51.059000,459385152,43.906,-1.25
1592298482847,2020-06-16 09:08:02.847000,459385139,43.899,10.18003165
1592298482847,2020-06-16 09:08:02.847000,459385138,43.899,0.0005
1592298480101,2020-06-16 09:08:00.101000,459385137,43.899,7.729
1592298479273,2020-06-16 09:07:59.273000,459385134,43.893,8.142
1592298479071,2020-06-16 09:07:59.071000,459385133,43.893,7.729
1592298478514,2020-06-16 09:07:58.514000,459385132,43.893,9.4
1592298478071,2020-06-16 09:07:58.071000,459385131,43.893,7.729
1592298477895,2020-06-16 09:07:57.895000,459385130,43.884,0.00090461
1592298476652,2020-06-16 09:07:56.652000,459385128,43.884,12.7000585
1592298476652,2020-06-16 09:07:56.652000,459385127,43.884,0.0009415
1592298474178,2020-06-16 09:07:54.178000,459385126,43.884,15.86
1592298202316,2020-06-16 09:03:22.316000,459385111,43.81,-2.511723
1592297940949,2020-06-16 08:59:00.949000,459385101,43.8,5.0
1592297612271,2020-06-16 08:53:32.271000,459385096,43.742,7.0
1592297519647,2020-06-16 08:51:59.647000,459385095,43.679,7.77476817
1592297353438,2020-06-16 08:49:13.438000,459385092,43.671,-0.1
1592297337102,2020-06-16 08:48:57.102000,459385091,43.72,-5.0
1592297301106,2020-06-16 08:48:21.106000,459385089,43.731,6.22509528
1592297301106,2020-06-16 08:48:21.106000,459385088,43.731,0.77134197
1592297165473,2020-06-16 08:46:05.473000,459385084,43.731,6.99515734
1592297005752,2020-06-16 08:43:25.752000,459385083,43.72,-2.0
1592296987707,2020-06-16 08:43:07.707000,459385082,43.725,-0.1
1592296980095,2020-06-16 08:43:00.095000,459385080,43.741,-8.0
1592296866540,2020-06-16 08:41:06.540000,459385076,43.75,7.7622384
1592296844097,2020-06-16 08:40:44.097000,459385075,43.751,2.5
1592296822888,2020-06-16 08:40:22.888000,459385074,43.741,-0.46660393
1592296721413,2020-06-16 08:38:41.413000,459385065,43.75,7.52870227
1592296721413,2020-06-16 08:38:41.413000,459385064,43.75,0.23282643
1592296673211,2020-06-16 08:37:53.211000,459385063,43.75,8.01832042
1592296673211,2020-06-16 08:37:53.211000,459385062,43.75,1.24236594
1592296663031,2020-06-16 08:37:43.031000,459385061,43.75,10.31193759
1592296585621,2020-06-16 08:36:25.621000,459385056,43.769,0.1
1592296572716,2020-06-16 08:36:12.716000,459385055,43.741,-1.0
1592296564358,2020-06-16 08:36:04.358000,459385053,43.784,0.1
1592296562649,2020-06-16 08:36:02.649000,459385052,43.732,1.514047
1592296562171,2020-06-16 08:36:02.171000,459385051,43.732,6.5154804
1592296561767,2020-06-16 08:36:01.767000,459385050,43.732,6.39841321
1592296519961,2020-06-16 08:35:19.961000,459385049,43.721,-0.10751745
1592296486050,2020-06-16 08:34:46.050000,459385046,43.719,4.75146479
1592296486050,2020-06-16 08:34:46.050000,459385045,43.719,2.63054741
1592296462324,2020-06-16 08:34:22.324000,459385044,43.719,2.44171043
1592296462324,2020-06-16 08:34:22.324000,459385043,43.719,5.25391304
1592296458995,2020-06-16 08:34:18.995000,459385042,43.719,8.8786367
1592296446292,2020-06-16 08:34:06.292000,459385041,43.719,6.33332637
1592296302342,2020-06-16 08:31:42.342000,459385029,43.683,7.77432316
1592296166347,2020-06-16 08:29:26.347000,459385027,43.664,4.12748029
1592296166347,2020-06-16 08:29:26.347000,459385026,43.664,3.04476083
1592296145664,2020-06-16 08:29:05.664000,459385025,43.664,5.95445466
1592295919576,2020-06-16 08:25:19.576000,459385015,43.67,-0.1160093
1592295913593,2020-06-16 08:25:13.593000,459385014,43.67,-0.31185513
1592295849637,2020-06-16 08:24:09.637000,459385013,43.671,-0.1
1592295813109,2020-06-16 08:23:33.109000,459385008,43.68,8.03711794
1592295748030,2020-06-16 08:22:28.030000,459385006,43.688,7.82416832
1592295557801,2020-06-16 08:19:17.801000,459385001,43.67,-0.1
1592295429687,2020-06-16 08:17:09.687000,459385000,43.704,-0.1
1592295301042,2020-06-16 08:15:01.042000,459384999,43.734,4.447
1592295071547,2020-06-16 08:11:11.547000,459384995,43.701,11.94089749
1592295018049,2020-06-16 08:10:18.049000,459384993,43.69,-0.12555249
1592295014326,2020-06-16 08:10:14.326000,459384992,43.69,-0.15507886
1592295008126,2020-06-16 08:10:08.126000,459384991,43.691,-0.13183141
1592295003665,2020-06-16 08:10:03.665000,459384990,43.691,-3.19621119
1592294988285,2020-06-16 08:09:48.285000,459384984,43.726,-22.25159189
1592294987306,2020-06-16 08:09:47.306000,459384983,43.741,-9.79652172
1592294987306,2020-06-16 08:09:47.306000,459384982,43.741,-30.66576564
1592294987251,2020-06-16 08:09:47.251000,459384981,43.741,-10.31193759
1592294986828,2020-06-16 08:09:46.828000,459384980,43.741,-16.81933585
1592294941286,2020-06-16 08:09:01.286000,459384978,43.741,-5.74516791
1592294937590,2020-06-16 08:08:57.590000,459384977,43.741,-6.6290399
1592294937245,2020-06-16 08:08:57.245000,459384976,43.741,-7.64889219
1592294931141,2020-06-16 08:08:51.141000,459384975,43.741,-7.94629691
1592294804712,2020-06-16 08:06:44.712000,459384971,43.741,-6.43903648
1592294799101,2020-06-16 08:06:39.101000,459384970,43.741,-6.1708876
1592294789818,2020-06-16 08:06:29.818000,459384969,43.741,-7.12025493
1592294593145,2020-06-16 08:03:13.145000,459384951,43.764,10.3735
1592294400705,2020-06-16 08:00:00.705000,459384946,43.813,0.08165597
1592294393912,2020-06-16 07:59:53.912000,459384945,43.813,0.4
1592294355354,2020-06-16 07:59:15.354000,459384944,43.813,3.08774636
1592294343309,2020-06-16 07:59:03.309000,459384943,43.813,3.0505
1592294325311,2020-06-16 07:58:45.311000,459384941,43.807,-2.0
1592294301308,2020-06-16 07:58:21.308000,459384940,43.8,2.04665515
1592294301308,2020-06-16 07:58:21.308000,459384939,43.8,3.98904657
1592294301308,2020-06-16 07:58:21.308000,459384938,43.8,173.0
1592294301308,2020-06-16 07:58:21.308000,459384937,43.8,2.79906675
1592294301308,2020-06-16 07:58:21.308000,459384936,43.8,12.32331194
1592294301308,2020-06-16 07:58:21.308000,459384935,43.794,7.75417323
1592294015587,2020-06-16 07:53:35.587000,459384930,43.806,5.5005
1592294014516,2020-06-16 07:53:34.516000,459384929,43.806,0.1
1592293831491,2020-06-16 07:50:31.491000,459384924,43.845,3.1843
1592293764098,2020-06-16 07:49:24.098000,459384922,43.85,0.3623
1592293595478,2020-06-16 07:46:35.478000,459384916,43.862,0.101
1592293594310,2020-06-16 07:46:34.310000,459384915,43.813,2.42e-06
1592293594246,2020-06-16 07:46:34.246000,459384914,43.813,8.67549
1592293495448,2020-06-16 07:44:55.448000,459384907,43.79,-0.20347828
1592293478702,2020-06-16 07:44:38.702000,459384906,43.806,2.0
1592293434531,2020-06-16 07:43:54.531000,459384905,43.81,118.70741512
1592293434531,2020-06-16 07:43:54.531000,459384904,43.794,10.0
1592293434531,2020-06-16 07:43:54.531000,459384903,43.793,11.29258488
1592293077475,2020-06-16 07:37:57.475000,459384896,43.773,7.34260222
1592292943779,2020-06-16 07:35:43.779000,459384885,43.75,-0.36592876
1592292909573,2020-06-16 07:35:09.573000,459384883,43.751,4.0
1592292198530,2020-06-16 07:23:18.530000,459384867,43.751,1.8524
1592292114968,2020-06-16 07:21:54.968000,459384861,43.75,-9.63407124
1592291982624,2020-06-16 07:19:42.624000,459384859,43.74,-0.08615089
1592291958624,2020-06-16 07:19:18.624000,459384858,43.762,1.01689
1592291859440,2020-06-16 07:17:39.440000,459384852,43.78,75.89971296
1592291859440,2020-06-16 07:17:39.440000,459384851,43.769,7.76028704
1592291846283,2020-06-16 07:17:26.283000,459384849,43.77,72.94749878
1592291846283,2020-06-16 07:17:26.283000,459384848,43.763,9.55250122
1592291463700,2020-06-16 07:11:03.700000,459384841,43.799,0.1
1592291367902,2020-06-16 07:09:27.902000,459384840,43.799,11.4
1592291244604,2020-06-16 07:07:24.604000,459384838,43.809,10.0
1592291241340,2020-06-16 07:07:21.340000,459384837,43.809,1.25
1592291241340,2020-06-16 07:07:21.340000,459384836,43.799,8.75
1592291211586,2020-06-16 07:06:51.586000,459384835,43.801,0.1
1592291119354,2020-06-16 07:05:19.354000,459384834,43.789,1.25
1592291049607,2020-06-16 07:04:09.607000,459384826,43.788,5.0
1592291034699,2020-06-16 07:03:54.699000,459384823,43.738,7.289983
1592291034699,2020-06-16 07:03:54.699000,459384822,43.728,0.00034942
1592291033905,2020-06-16 07:03:53.905000,459384821,43.728,5.71665058
1592291033905,2020-06-16 07:03:53.905000,459384820,43.728,9.12034942
1592290416565,2020-06-16 06:53:36.565000,459384812,43.738,4.39439566
1592290415276,2020-06-16 06:53:35.276000,459384811,43.738,3.03751353
1592290415276,2020-06-16 06:53:35.276000,459384810,43.738,3.98850293
1592290400345,2020-06-16 06:53:20.345000,459384808,43.738,9.28655764
1592290214052,2020-06-16 06:50:14.052000,459384799,43.727,8.10496217
1592290064653,2020-06-16 06:47:44.653000,459384786,43.726,-7.88926168
1592289962330,2020-06-16 06:46:02.330000,459384775,43.726,-7.12843492
1592289929301,2020-06-16 06:45:29.301000,459384774,43.726,-8.44499721
1592289708579,2020-06-16 06:41:48.579000,459384770,43.768,0.08728427
1592289645936,2020-06-16 06:40:45.936000,459384767,43.74,-3.56
1592289645936,2020-06-16 06:40:45.936000,459384766,43.744,-8.0
1592289645936,2020-06-16 06:40:45.936000,459384765,43.746,-8.0
1592289645936,2020-06-16 06:40:45.936000,459384764,43.747,-20.0
1592289645936,2020-06-16 06:40:45.936000,459384763,43.758,-0.44
1592289629443,2020-06-16 06:40:29.443000,459384762,43.791,-8.0
1592289587891,2020-06-16 06:39:47.891000,459384761,43.77,1.23042119
1592289587561,2020-06-16 06:39:47.561000,459384760,43.77,17.51625157
1592289540710,2020-06-16 06:39:00.710000,459384753,43.758,-2.0
1592289534759,2020-06-16 06:38:54.759000,459384752,43.758,-2.56
1592289532928,2020-06-16 06:38:52.928000,459384751,43.768,-0.1
1592289530967,2020-06-16 06:38:50.967000,459384747,43.782,-4.578091
1592289530967,2020-06-16 06:38:50.967000,459384746,43.782,-0.15
1592289529316,2020-06-16 06:38:49.316000,459384744,43.834,-29.0
1592289200606,2020-06-16 06:33:20.606000,459384729,43.834,-1.0
1592289188893,2020-06-16 06:33:08.893000,459384722,43.901,-2.1014
1592289188537,2020-06-16 06:33:08.537000,459384721,43.902,-0.000984
1592289188512,2020-06-16 06:33:08.512000,459384720,43.902,-11.384
1592289187570,2020-06-16 06:33:07.570000,459384718,43.902,-17.51625157
1592289004330,2020-06-16 06:30:04.330000,459384702,43.915,-6.46654957
1592288776634,2020-06-16 06:26:16.634000,459384700,43.923,0.6417
1592288592190,2020-06-16 06:23:12.190000,459384697,43.918,-0.1
1592288385004,2020-06-16 06:19:45.004000,459384694,43.954,2.0
1592288104362,2020-06-16 06:15:04.362000,459384692,43.991,-7.8961998
1592287677575,2020-06-16 06:07:57.575000,459384686,43.951,-0.1
1592287544835,2020-06-16 06:05:44.835000,459384681,43.982,-12.0
1592287544835,2020-06-16 06:05:44.835000,459384680,43.983,-8.0
1592287225583,2020-06-16 06:00:25.583000,459384673,44.008,-0.5
1592287219582,2020-06-16 06:00:19.582000,459384672,44.008,-0.1
1592287199110,2020-06-16 05:59:59.110000,459384671,44.008,-5.0
1592287135357,2020-06-16 05:58:55.357000,459384670,43.984,0.56006468
1592287135254,2020-06-16 05:58:55.254000,459384669,43.984,7.16192697
1592286876155,2020-06-16 05:54:36.155000,459384668,43.92,1.25
1592286875823,2020-06-16 05:54:35.823000,459384667,43.912,0.63894462
1592286875823,2020-06-16 05:54:35.823000,459384666,43.912,7.73368711
1592286492311,2020-06-16 05:48:12.311000,459384662,43.923,-8.0
1592286472505,2020-06-16 05:47:52.505000,459384660,43.927,-7.12094572
1592286472148,2020-06-16 05:47:52.148000,459384659,43.935,-4.9
1592286389630,2020-06-16 05:46:29.630000,459384656,43.944,0.1
1592286320192,2020-06-16 05:45:20.192000,459384654,43.944,0.08736441
1592286042546,2020-06-16 05:40:42.546000,459384651,43.936,-0.1
1592285762068,2020-06-16 05:36:02.068000,459384650,43.956,0.25
1592285698626,2020-06-16 05:34:58.626000,459384649,43.957,1.0
1592285643221,2020-06-16 05:34:03.221000,459384648,43.984,0.8
1592285186180,2020-06-16 05:26:26.180000,459384646,43.982,8.25e-06
1592285185895,2020-06-16 05:26:25.895000,459384645,43.982,7.72172
1592285099888,2020-06-16 05:24:59.888000,459384643,43.976,7.72708757
1592284959822,2020-06-16 05:22:39.822000,459384640,43.935,-0.1
1592284942707,2020-06-16 05:22:22.707000,459384638,43.969,4.56872375
1592284777209,2020-06-16 05:19:37.209000,459384637,43.945,0.1
1592284623216,2020-06-16 05:17:03.216000,459384635,43.941,-0.34916
1592284623216,2020-06-16 05:17:03.216000,459384634,43.944,-1.25
1592284623216,2020-06-16 05:17:03.216000,459384633,43.954,-0.40084
1592284615472,2020-06-16 05:16:55.472000,459384632,43.952,7.72717549
1592284389704,2020-06-16 05:13:09.704000,459384628,43.951,1.09927302
1592284389067,2020-06-16 05:13:09.067000,459384627,43.951,6.62790247
1592284380788,2020-06-16 05:13:00.788000,459384626,43.941,-0.1
1592284288954,2020-06-16 05:11:28.954000,459384625,43.984,0.3
1592284150616,2020-06-16 05:09:10.616000,459384621,43.914,0.080168
1592284150547,2020-06-16 05:09:10.547000,459384620,43.912,0.080168
1592284150543,2020-06-16 05:09:10.543000,459384619,43.912,0.080168
1592284150539,2020-06-16 05:09:10.539000,459384618,43.912,0.080168
1592284150534,2020-06-16 05:09:10.534000,459384617,43.912,0.080168
1592284150508,2020-06-16 05:09:10.508000,459384616,43.916,0.080168
1592284150491,2020-06-16 05:09:10.491000,459384615,43.916,0.080168
1592284143810,2020-06-16 05:09:03.810000,459384614,43.927,0.240504
1592283982432,2020-06-16 05:06:22.432000,459384612,43.906,-0.1
1592283981143,2020-06-16 05:06:21.143000,459384611,43.95,-7.276
1592283950245,2020-06-16 05:05:50.245000,459384610,44.0,-2.0
1592283938916,2020-06-16 05:05:38.916000,459384609,44.009,0.1
1592283686679,2020-06-16 05:01:26.679000,459384606,44.008,4.88045437
1592283686500,2020-06-16 05:01:26.500000,459384605,44.007,0.91026443
1592283686134,2020-06-16 05:01:26.134000,459384604,44.007,7.21413457
1592283677043,2020-06-16 05:01:17.043000,459384603,44.008,0.11954563
1592283677043,2020-06-16 05:01:17.043000,459384602,43.994,7.71927072
1592283403987,2020-06-16 04:56:43.987000,459384598,43.981,-5.36683074
1592283403987,2020-06-16 04:56:43.987000,459384597,43.991,-4.63316926
1592283219296,2020-06-16 04:53:39.296000,459384595,44.0,-0.12126796
1592283197959,2020-06-16 04:53:17.959000,459384594,43.96,2.5
1592283197959,2020-06-16 04:53:17.959000,459384593,43.96,5.0
1592283197828,2020-06-16 04:53:17.828000,459384592,43.959,5.76092663
1592283197522,2020-06-16 04:53:17.522000,459384591,43.959,1.8637
1592283141721,2020-06-16 04:52:21.721000,459384587,43.959,0.1
1592282721188,2020-06-16 04:45:21.188000,459384568,43.954,7.42568113
1592282579793,2020-06-16 04:42:59.793000,459384565,43.954,0.1
1592282574486,2020-06-16 04:42:54.486000,459384564,43.954,0.1
1592282553515,2020-06-16 04:42:33.515000,459384562,43.95,-2.27
1592282548345,2020-06-16 04:42:28.345000,459384561,43.954,0.1
1592282543037,2020-06-16 04:42:23.037000,459384560,43.956,0.1
1592282491581,2020-06-16 04:41:31.581000,459384559,43.954,-0.1
1592282488183,2020-06-16 04:41:28.183000,459384558,43.954,-0.1
1592282451998,2020-06-16 04:40:51.998000,459384557,43.95,-0.354
1592282429115,2020-06-16 04:40:29.115000,459384556,43.95,-0.1
1592282351731,2020-06-16 04:39:11.731000,459384552,43.956,7.13569813
1592281880823,2020-06-16 04:31:20.823000,459384541,43.961,-5.0
1592281708925,2020-06-16 04:28:28.925000,459384540,43.977,-0.18124331
1592281691498,2020-06-16 04:28:11.498000,459384539,43.975,-0.1
1592281686810,2020-06-16 04:28:06.810000,459384538,43.951,-1.03
1592281686810,2020-06-16 04:28:06.810000,459384537,43.956,-1.25
1592281681497,2020-06-16 04:28:01.497000,459384536,44.007,-2.398e-05
1592281632270,2020-06-16 04:27:12.270000,459384535,44.007,-38.222
1592281629418,2020-06-16 04:27:09.418000,459384534,44.007,-7.77797602
1592281504396,2020-06-16 04:25:04.396000,459384530,44.007,-1.32494038
1592280978983,2020-06-16 04:16:18.983000,459384520,43.952,-2.27
1592280801962,2020-06-16 04:13:21.962000,459384519,44.027,-0.08558743
1592280717828,2020-06-16 04:11:57.828000,459384517,44.041,4.248308
1592280645542,2020-06-16 04:10:45.542000,459384510,44.045,-7.73487929
1592280602455,2020-06-16 04:10:02.455000,459384506,44.039,21.68703069
1592280602455,2020-06-16 04:10:02.455000,459384505,44.038,8.65128165
1592280429727,2020-06-16 04:07:09.727000,459384504,44.036,0.9206
1592280322081,2020-06-16 04:05:22.081000,459384500,43.968,2.30568764
1592280314059,2020-06-16 04:05:14.059000,459384499,43.979,0.1
1592280275948,2020-06-16 04:04:35.948000,459384495,43.96,0.256594
1592280262495,2020-06-16 04:04:22.495000,459384493,43.958,-2.28
1592280209095,2020-06-16 04:03:29.095000,459384489,44.02,-2.27
1592280036061,2020-06-16 04:00:36.061000,459384484,44.07,-0.8707598
1592279872624,2020-06-16 03:57:52.624000,459384482,43.974,10.366
1592279589111,2020-06-16 03:53:09.111000,459384478,43.955,-0.28228164
1592279513943,2020-06-16 03:51:53.943000,459384476,43.995,-0.1
1592279507569,2020-06-16 03:51:47.569000,459384475,44.012,-0.08
1592279507563,2020-06-16 03:51:47.563000,459384474,44.011,-0.20361246
1592279507559,2020-06-16 03:51:47.559000,459384473,44.011,-0.32813366
1592279457365,2020-06-16 03:50:57.365000,459384472,44.135,-8.0
1592279275647,2020-06-16 03:47:55.647000,459384460,44.183,0.1
1592279234843,2020-06-16 03:47:14.843000,459384458,44.215,-6.3683224
1592279212125,2020-06-16 03:46:52.125000,459384455,44.2,0.998
1592279057436,2020-06-16 03:44:17.436000,459384452,44.128,0.740816
1592279049274,2020-06-16 03:44:09.274000,459384451,44.095,-0.25
1592279036943,2020-06-16 03:43:56.943000,459384450,44.147,-10.12611985
1592279013855,2020-06-16 03:43:33.855000,459384449,44.213,8.28787556
1592279013855,2020-06-16 03:43:33.855000,459384448,44.212,1.25
1592278994586,2020-06-16 03:43:14.586000,459384446,44.225,5.8934
1592278994586,2020-06-16 03:43:14.586000,459384445,44.225,7.28695501
1592278994586,2020-06-16 03:43:14.586000,459384444,44.223,20.93
1592278994586,2020-06-16 03:43:14.586000,459384443,44.218,65.0196
1592278994586,2020-06-16 03:43:14.586000,459384442,44.206,9.10006651
1592278994586,2020-06-16 03:43:14.586000,459384441,44.204,5.0
1592278994586,2020-06-16 03:43:14.586000,459384440,44.2,6.79047848
1592278994586,2020-06-16 03:43:14.586000,459384439,44.2,5.8729
1592278994586,2020-06-16 03:43:14.586000,459384438,44.2,4.1271
1592278994586,2020-06-16 03:43:14.586000,459384437,44.2,1.25
1592278994586,2020-06-16 03:43:14.586000,459384436,44.2,98.75
1592278994586,2020-06-16 03:43:14.586000,459384435,44.199,1.25
1592278994586,2020-06-16 03:43:14.586000,459384434,44.183,0.36212444
1592278969902,2020-06-16 03:42:49.902000,459384433,44.168,0.1
1592278939779,2020-06-16 03:42:19.779000,459384432,44.163,71.11939964
1592278928250,2020-06-16 03:42:08.250000,459384431,44.163,15.0
1592278908487,2020-06-16 03:41:48.487000,459384430,44.163,5.0
1592278771551,2020-06-16 03:39:31.551000,459384428,44.149,0.1
1592278480238,2020-06-16 03:34:40.238000,459384415,44.111,-0.1
1592278397662,2020-06-16 03:33:17.662000,459384400,44.147,0.1
1592278396615,2020-06-16 03:33:16.615000,459384399,44.138,0.1
1592278396607,2020-06-16 03:33:16.607000,459384398,44.138,0.1
1592278393624,2020-06-16 03:33:13.624000,459384392,44.09,17.18656265
1592278393233,2020-06-16 03:33:13.233000,459384390,44.09,17.18656265
1592278392759,2020-06-16 03:33:12.759000,459384388,44.09,215.725
1592278392109,2020-06-16 03:33:12.109000,459384386,44.068,17.18656265
1592278391776,2020-06-16 03:33:11.776000,459384382,44.068,9.18656265
1592278391776,2020-06-16 03:33:11.776000,459384381,44.067,8.0
1592278391705,2020-06-16 03:33:11.705000,459384380,44.056,8.0
1592278391122,2020-06-16 03:33:11.122000,459384376,44.038,6.81413707
1592278390818,2020-06-16 03:33:10.818000,459384374,44.038,0.1
1592278068831,2020-06-16 03:27:48.831000,459384371,44.038,48.6894396
1592278068831,2020-06-16 03:27:48.831000,459384370,44.031,3.8480271
1592278068831,2020-06-16 03:27:48.831000,459384369,44.031,8.40377196
1592278068831,2020-06-16 03:27:48.831000,459384368,44.031,34.06691
1592278068831,2020-06-16 03:27:48.831000,459384367,44.021,4.99185134
1592278030594,2020-06-16 03:27:10.594000,459384366,44.01,-0.1
1592278025852,2020-06-16 03:27:05.852000,459384365,44.031,0.1
1592277992074,2020-06-16 03:26:32.074000,459384364,44.029,-2.27
1592277986764,2020-06-16 03:26:26.764000,459384362,44.069,-0.00027084
1592277972137,2020-06-16 03:26:12.137000,459384361,44.069,-0.386
1592277939059,2020-06-16 03:25:39.059000,459384359,44.07,0.1
1592277907602,2020-06-16 03:25:07.602000,459384357,44.069,-0.52982719
1592277874467,2020-06-16 03:24:34.467000,459384354,44.08,0.5
1592277795224,2020-06-16 03:23:15.224000,459384348,44.069,413.999
1592277795224,2020-06-16 03:23:15.224000,459384347,44.06,0.7129447
1592277795224,2020-06-16 03:23:15.224000,459384346,44.06,1.36438767
1592277795224,2020-06-16 03:23:15.224000,459384345,44.06,2.04243097
1592277795224,2020-06-16 03:23:15.224000,459384344,44.06,7.96513863
1592277795224,2020-06-16 03:23:15.224000,459384343,44.06,173.0
1592277773552,2020-06-16 03:22:53.552000,459384340,44.021,-0.08470991
1592277669773,2020-06-16 03:21:09.773000,459384335,44.03,4.7401
1592277615579,2020-06-16 03:20:15.579000,459384333,43.982,-1.0
1592277591631,2020-06-16 03:19:51.631000,459384332,43.977,-1.0
1592277497740,2020-06-16 03:18:17.740000,459384329,43.947,-0.1
1592277472275,2020-06-16 03:17:52.275000,459384325,43.962,-0.23195134
1592277463828,2020-06-16 03:17:43.828000,459384324,43.952,-0.25
1592277380404,2020-06-16 03:16:20.404000,459384315,44.085,-8.31e-06
1592277380045,2020-06-16 03:16:20.045000,459384314,44.085,-7.70123
1592277309458,2020-06-16 03:15:09.458000,459384309,44.101,-5.42844472
1592277302943,2020-06-16 03:15:02.943000,459384308,44.101,-2.27
1592277300156,2020-06-16 03:15:00.156000,459384307,44.114,0.19395849
1592277224214,2020-06-16 03:13:44.214000,459384306,44.116,10.26341675
1592277206277,2020-06-16 03:13:26.277000,459384305,44.109,0.5
1592277133019,2020-06-16 03:12:13.019000,459384304,44.042,-0.1
1592277090496,2020-06-16 03:11:30.496000,459384299,44.014,-2.45
1592277083485,2020-06-16 03:11:23.485000,459384298,44.006,-2.27
1592277083179,2020-06-16 03:11:23.179000,459384297,44.071,-7.13145231
1592277082843,2020-06-16 03:11:22.843000,459384296,44.071,-0.48184669
1592277082843,2020-06-16 03:11:22.843000,459384295,44.072,-7.70342222
1592277030798,2020-06-16 03:10:30.798000,459384285,44.071,-2.27
1592277025593,2020-06-16 03:10:25.593000,459384284,44.136,-60.0
1592277025451,2020-06-16 03:10:25.451000,459384283,44.137,-0.00060219
1592277022720,2020-06-16 03:10:22.720000,459384282,44.137,-7.692
1592277015438,2020-06-16 03:10:15.438000,459384279,44.146,0.1
1592277004338,2020-06-16 03:10:04.338000,459384278,44.1,4.5670827
1592277001712,2020-06-16 03:10:01.712000,459384277,44.1,0.1
1592276972639,2020-06-16 03:09:32.639000,459384262,44.1,0.1
1592276971938,2020-06-16 03:09:31.938000,459384259,44.1,5.12074577
1592276964043,2020-06-16 03:09:24.043000,459384256,44.1,5.9582944
1592276963638,2020-06-16 03:09:23.638000,459384255,44.1,4.15387713
1592276963638,2020-06-16 03:09:23.638000,459384254,44.1,4.22
1592276960881,2020-06-16 03:09:20.881000,459384234,44.1,5.73
1592276960881,2020-06-16 03:09:20.881000,459384233,44.1,0.05
1592276960881,2020-06-16 03:09:20.881000,459384232,44.072,0.1
1592276960788,2020-06-16 03:09:20.788000,459384231,44.029,7.0
1592276960626,2020-06-16 03:09:20.626000,459384230,44.029,10.0
1592276960558,2020-06-16 03:09:20.558000,459384229,44.026,0.00047652
1592276959561,2020-06-16 03:09:19.561000,459384228,44.026,12.066
1592276958112,2020-06-16 03:09:18.112000,459384227,44.025,11.50686867
1592276957800,2020-06-16 03:09:17.800000,459384226,44.025,13.50707374
1592276957419,2020-06-16 03:09:17.419000,459384225,44.024,8.48386677
1592276937133,2020-06-16 03:08:57.133000,459384219,44.024,0.15
1592276935923,2020-06-16 03:08:55.923000,459384218,43.992,11.606
1592276935824,2020-06-16 03:08:55.824000,459384217,43.979,0.00088017
1592276932867,2020-06-16 03:08:52.867000,459384205,43.979,9.823
1592276840814,2020-06-16 03:07:20.814000,459384184,43.959,85.71932091
1592276840814,2020-06-16 03:07:20.814000,459384183,43.956,16.79
1592276840814,2020-06-16 03:07:20.814000,459384182,43.954,23.2649249
1592276840814,2020-06-16 03:07:20.814000,459384181,43.914,51.29347097
1592276840814,2020-06-16 03:07:20.814000,459384180,43.914,1.25
1592276840814,2020-06-16 03:07:20.814000,459384179,43.899,1.68228322
1592276840814,2020-06-16 03:07:20.814000,459384178,43.899,0.6364282
1592276840814,2020-06-16 03:07:20.814000,459384177,43.899,6.8355718
1592276840814,2020-06-16 03:07:20.814000,459384176,43.899,12.528
1592276840814,2020-06-16 03:07:20.814000,459384175,43.899,1.0
1592276832936,2020-06-16 03:07:12.936000,459384172,43.822,45.7142857
1592276544252,2020-06-16 03:02:24.252000,459298150,43.747,7.48128858
1592276258161,2020-06-16 02:57:38.161000,459298096,43.761,-0.88021481
1592276258066,2020-06-16 02:57:38.066000,459298095,43.761,-6.87696982
1592276090797,2020-06-16 02:54:50.797000,459298074,43.75,-0.25
1592275999923,2020-06-16 02:53:19.923000,459298073,43.734,-7.56413913
1592275891523,2020-06-16 02:51:31.523000,459298068,43.759,1.295542
1592275819589,2020-06-16 02:50:19.589000,459298067,43.762,-7.75780491
1592275810971,2020-06-16 02:50:10.971000,459298066,43.765,0.1
1592275740603,2020-06-16 02:49:00.603000,459298065,43.699,-7.77014255
1592275718739,2020-06-16 02:48:38.739000,459298064,43.685,25.0
1592275539426,2020-06-16 02:45:39.426000,459298062,43.681,-0.1
1592274982591,2020-06-16 02:36:22.591000,459298056,43.612,3.6775006
1592274703190,2020-06-16 02:31:43.190000,459298045,43.531,-0.1
1592274692986,2020-06-16 02:31:32.986000,459298043,43.531,-8.19868773
1592274664063,2020-06-16 02:31:04.063000,459298042,43.522,-1.506425
1592274664035,2020-06-16 02:31:04.035000,459298041,43.538,0.1
1592274559202,2020-06-16 02:29:19.202000,459298037,43.54,3.0
1592274539809,2020-06-16 02:28:59.809000,459298036,43.532,0.1
1592274495344,2020-06-16 02:28:15.344000,459298034,43.541,-5.96215351
1592274495344,2020-06-16 02:28:15.344000,459298033,43.541,-0.88290076
1592274436530,2020-06-16 02:27:16.530000,459298032,43.541,-6.91516788
1592274389208,2020-06-16 02:26:29.208000,459298031,43.549,2.0
1592274136300,2020-06-16 02:22:16.300000,459298028,43.538,2.0
1592274046347,2020-06-16 02:20:46.347000,459298026,43.503,0.1
1592273610355,2020-06-16 02:13:30.355000,459298020,43.502,-0.1
1592273591615,2020-06-16 02:13:11.615000,459298019,43.522,-0.00831092
1592273591518,2020-06-16 02:13:11.518000,459298018,43.522,-7.79369953
1592273591518,2020-06-16 02:13:11.518000,459298017,43.522,-34.07630047
1592273580571,2020-06-16 02:13:00.571000,459298016,43.522,-0.5
1592273490598,2020-06-16 02:11:30.598000,459298013,43.522,-5.12477886
1592273462788,2020-06-16 02:11:02.788000,459298012,43.522,-5.91320637
1592273352717,2020-06-16 02:09:12.717000,459298007,43.522,-0.1
1592273350833,2020-06-16 02:09:10.833000,459298006,43.551,-4.6e-06
1592273245852,2020-06-16 02:07:25.852000,459297996,43.551,-41.9487
1592273219603,2020-06-16 02:06:59.603000,459297995,43.601,-7.78723429
1592273219603,2020-06-16 02:06:59.603000,459297994,43.601,-0.00063998
1592273218324,2020-06-16 02:06:58.324000,459297993,43.601,-8.615
1592273192701,2020-06-16 02:06:32.701000,459297992,43.601,-0.15
1592272815635,2020-06-16 02:00:15.635000,459297980,43.62,-6.8141994
1592272467782,2020-06-16 01:54:27.782000,459297976,43.584,-0.20234
1592272338178,2020-06-16 01:52:18.178000,459297974,43.631,-7.22503609
1592272157226,2020-06-16 01:49:17.226000,459297971,43.64,1.0
1592272078171,2020-06-16 01:47:58.171000,459297969,43.625,-7.78260869
1592271841541,2020-06-16 01:44:01.541000,459297965,43.617,-7.10336432
1592271813489,2020-06-16 01:43:33.489000,459297964,43.621,-1.30368626
1592271811544,2020-06-16 01:43:31.544000,459297963,43.621,-6.47919
1592271571997,2020-06-16 01:39:31.997000,459297958,43.56,-0.1
1592271278457,2020-06-16 01:34:38.457000,459297949,43.56,0.5
1592271270685,2020-06-16 01:34:30.685000,459297947,43.601,-8.0
1592271270683,2020-06-16 01:34:30.683000,459297946,43.605,-8.0
1592271269995,2020-06-16 01:34:29.995000,459297945,43.64,-131.098
1592271269995,2020-06-16 01:34:29.995000,459297944,43.64,-8.57760694
1592271265505,2020-06-16 01:34:25.505000,459297942,43.648,0.1
1592271260878,2020-06-16 01:34:20.878000,459297941,43.649,0.1
1592271258681,2020-06-16 01:34:18.681000,459297940,43.649,0.1
1592271254428,2020-06-16 01:34:14.428000,459297939,43.645,0.1
1592271221733,2020-06-16 01:33:41.733000,459297938,43.591,-0.15
1592270857357,2020-06-16 01:27:37.357000,459297930,43.683,-2.13563714
1592270857357,2020-06-16 01:27:37.357000,459297929,43.683,-5.61849389
1592270704604,2020-06-16 01:25:04.604000,459297926,43.683,-2.14907139
1592270645005,2020-06-16 01:24:05.005000,459297925,43.684,7.0165394
1592270387864,2020-06-16 01:19:47.864000,459297916,43.706,-0.5
1592270302880,2020-06-16 01:18:22.880000,459297910,43.741,-0.9313543
1592270277278,2020-06-16 01:17:57.278000,459297907,43.741,-6.8300857
1592270075780,2020-06-16 01:14:35.780000,459297897,43.731,-7.76339193
1592270017732,2020-06-16 01:13:37.732000,459297893,43.721,-7.25803922
1592269962368,2020-06-16 01:12:42.368000,459297888,43.72,-1.19287872
1592269962368,2020-06-16 01:12:42.368000,459297887,43.741,-8.80712128
1592269209561,2020-06-16 01:00:09.561000,459297858,43.673,2.22
1592268811422,2020-06-16 00:53:31.422000,459297851,43.683,-4.8033927
1592268465277,2020-06-16 00:47:45.277000,459297843,43.552,-0.1
1592268463258,2020-06-16 00:47:43.258000,459297842,43.56,-20.0
1592268342024,2020-06-16 00:45:42.024000,459297823,43.551,-8.0512954
1592268257841,2020-06-16 00:44:17.841000,459297819,43.552,-0.15
1592268255083,2020-06-16 00:44:15.083000,459297818,43.58,-7.5947947
1592268255083,2020-06-16 00:44:15.083000,459297817,43.608,-0.00031238
1592268250493,2020-06-16 00:44:10.493000,459297816,43.608,-24.855
1592268250235,2020-06-16 00:44:10.235000,459297812,43.608,-7.62238104
1592268249865,2020-06-16 00:44:09.865000,459297811,43.608,-7.52230658
1592268249865,2020-06-16 00:44:09.865000,459297810,43.609,-0.00044561
1592268249501,2020-06-16 00:44:09.501000,459297807,43.609,-5.8379691
1592268249501,2020-06-16 00:44:09.501000,459297806,43.609,-1.9480309
1592268148658,2020-06-16 00:42:28.658000,459297801,43.609,-4.46696452
1592268148658,2020-06-16 00:42:28.658000,459297800,43.609,-1.37145019
1592268124638,2020-06-16 00:42:04.638000,459297798,43.609,-6.31481687
1592268089601,2020-06-16 00:41:29.601000,459297786,43.609,-0.1
1592268081366,2020-06-16 00:41:21.366000,459297778,43.62,-20.09880711
1592268081366,2020-06-16 00:41:21.366000,459297777,43.639,-9.90050644
1592268081366,2020-06-16 00:41:21.366000,459297776,43.651,-0.00068645
1592268080157,2020-06-16 00:41:20.157000,459297774,43.651,-7.278
1592268049169,2020-06-16 00:40:49.169000,459297773,43.651,-0.5
1592268007164,2020-06-16 00:40:07.164000,459297772,43.643,-0.1
1592268006010,2020-06-16 00:40:06.010000,459297771,43.671,-4.5
1592267978886,2020-06-16 00:39:38.886000,459297770,43.688,-6.97148175
1592267978886,2020-06-16 00:39:38.886000,459297769,43.688,-1.41857285
1592267432155,2020-06-16 00:30:32.155000,459297746,43.688,-0.5
1592267424150,2020-06-16 00:30:24.150000,459297742,43.688,-0.75
1592266868025,2020-06-16 00:21:08.025000,459297721,43.75,-7.33142715
1592266839900,2020-06-16 00:20:39.900000,459297718,43.759,-6.87183936
1592266839900,2020-06-16 00:20:39.900000,459297717,43.759,-0.46062817
1592266821087,2020-06-16 00:20:21.087000,459297711,43.759,-7.29850625
1592266706985,2020-06-16 00:18:26.985000,459297709,43.786,-0.61572723
1592266706624,2020-06-16 00:18:26.624000,459297708,43.786,-7.1388887
1592266696542,2020-06-16 00:18:16.542000,459297707,43.796,-0.61684582
1592266694418,2020-06-16 00:18:14.418000,459297706,43.796,-7.1353801
1592266495082,2020-06-16 00:14:55.082000,459297701,43.804,-0.25
1592266487045,2020-06-16 00:14:47.045000,459297700,43.804,-0.25
1592266486390,2020-06-16 00:14:46.390000,459297699,43.804,-0.1
1592266473142,2020-06-16 00:14:33.142000,459297698,43.804,-3.38746697
1592266473142,2020-06-16 00:14:33.142000,459297697,43.804,-2.9532536
1592266456668,2020-06-16 00:14:16.668000,459297695,43.804,-2.31190734
1592266456668,2020-06-16 00:14:16.668000,459297694,43.804,-3.38396574
1592266416909,2020-06-16 00:13:36.909000,459297691,43.804,-6.57216125
1592266296128,2020-06-16 00:11:36.128000,459297689,43.831,-4.34830733
1592266295217,2020-06-16 00:11:35.217000,459297687,43.831,-7.99783793
1592266273035,2020-06-16 00:11:13.035000,459297685,43.872,-8.7610012
1592266273035,2020-06-16 00:11:13.035000,459297684,43.872,-6.56885982
1592266273035,2020-06-16 00:11:13.035000,459297683,43.872,-0.00086418
1592266195365,2020-06-16 00:09:55.365000,459297681,43.872,-4.639
1592266195156,2020-06-16 00:09:55.156000,459297680,43.872,-0.83987455
1592266195156,2020-06-16 00:09:55.156000,459297679,43.872,-5.47237695
1592266193106,2020-06-16 00:09:53.106000,459297678,43.872,-6.20644404
1592266068675,2020-06-16 00:07:48.675000,459297677,43.872,-2.0
1592266061658,2020-06-16 00:07:41.658000,459297676,43.872,-6.84349959
1592266031392,2020-06-16 00:07:11.392000,459297674,43.87,-7.95999664
1592265884787,2020-06-16 00:04:44.787000,459297670,43.81,-0.76694
1592265881819,2020-06-16 00:04:41.819000,459297669,43.81,-12.19949162
1592265881819,2020-06-16 00:04:41.819000,459297668,43.821,-27.80050838
1592265670832,2020-06-16 00:01:10.832000,459297665,43.819,5.0
1592265665454,2020-06-16 00:01:05.454000,459297663,43.782,1.59512004
1592265664869,2020-06-16 00:01:04.869000,459297662,43.782,7.40487996
1592265625903,2020-06-16 00:00:25.903000,459297660,43.782,1.0
1592265601026,2020-06-16 00:00:01.026000,459297656,43.781,-1.3936
1592265597872,2020-06-15 23:59:57.872000,459297655,43.781,-0.1
1592265273847,2020-06-15 23:54:33.847000,459297644,43.821,-0.00025912
1592265273614,2020-06-15 23:54:33.614000,459297643,43.821,-7.043
1592265273499,2020-06-15 23:54:33.499000,459297642,43.821,-0.69996094
1592265273499,2020-06-15 23:54:33.499000,459297641,43.821,-8.01837824
1592265228109,2020-06-15 23:53:48.109000,459297638,43.821,-8.60878086
1592265117543,2020-06-15 23:51:57.543000,459297637,43.821,-1.0
1592265066173,2020-06-15 23:51:06.173000,459297635,43.848,-15.65096565
1592264370233,2020-06-15 23:39:30.233000,459297624,43.842,-1.9263
1592264245809,2020-06-15 23:37:25.809000,459297623,43.897,-9.99902452
1592264245809,2020-06-15 23:37:25.809000,459297622,43.898,-0.88362676
1592264245809,2020-06-15 23:37:25.809000,459297621,43.898,-7.73518457
1592263689934,2020-06-15 23:28:09.934000,459297598,43.898,-6.84375993
1592263689934,2020-06-15 23:28:09.934000,459297597,43.898,-0.41319478
1592263689877,2020-06-15 23:28:09.877000,459297596,43.898,-1.63484
1592263667412,2020-06-15 23:27:47.412000,459297595,43.898,-8.55469992
1592263418695,2020-06-15 23:23:38.695000,459297592,43.893,-5.0
1592263388477,2020-06-15 23:23:08.477000,459297591,43.893,-7.0
1592263298925,2020-06-15 23:21:38.925000,459297586,43.884,-0.46068293
1592263298925,2020-06-15 23:21:38.925000,459297585,43.884,-7.81739861
1592263177062,2020-06-15 23:19:37.062000,459297584,43.884,-8.56881432
1592263049690,2020-06-15 23:17:29.690000,459297581,43.898,1.1179005
1592263049690,2020-06-15 23:17:29.690000,459297580,43.896,0.8820995
1592262578184,2020-06-15 23:09:38.184000,459297566,43.879,0.91
1592262576857,2020-06-15 23:09:36.857000,459297565,43.879,7.73242452
1592262319562,2020-06-15 23:05:19.562000,459297558,43.816,-0.08221089
1592262208237,2020-06-15 23:03:28.237000,459297555,43.83,2.73607792
1592262177298,2020-06-15 23:02:57.298000,459297553,43.823,-0.25
1592262156695,2020-06-15 23:02:36.695000,459297551,43.851,-6.22892507
1592262156695,2020-06-15 23:02:36.695000,459297550,43.851,-0.6965356
1592262156695,2020-06-15 23:02:36.695000,459297549,43.851,-0.00691975
1592262113763,2020-06-15 23:01:53.763000,459297548,43.851,-22.19
1592262048963,2020-06-15 23:00:48.963000,459297545,43.837,-8.27313374
1592262013906,2020-06-15 23:00:13.906000,459297544,43.828,0.2
1592262013742,2020-06-15 23:00:13.742000,459297543,43.829,0.1
1592262000575,2020-06-15 23:00:00.575000,459297542,43.74,0.009158
1592261485593,2020-06-15 22:51:25.593000,459297535,43.739,-20.0
1592261472360,2020-06-15 22:51:12.360000,459297534,43.74,18.92
1592261199636,2020-06-15 22:46:39.636000,459297518,43.736,0.5
1592260823867,2020-06-15 22:40:23.867000,459297500,43.662,-0.5425
1592260823867,2020-06-15 22:40:23.867000,459297499,43.662,-0.5
1592260821144,2020-06-15 22:40:21.144000,459297498,43.663,1.3566
1592260803385,2020-06-15 22:40:03.385000,459297497,43.749,-2.26292289
1592260803306,2020-06-15 22:40:03.306000,459297496,43.749,-8.49895195
1592260739472,2020-06-15 22:38:59.472000,459297494,43.747,-0.1
1592260538086,2020-06-15 22:35:38.086000,459297487,43.669,-0.2
1592260533928,2020-06-15 22:35:33.928000,459297485,43.664,-1.93528979
1592260533928,2020-06-15 22:35:33.928000,459297484,43.673,-2.57281021
1592260526354,2020-06-15 22:35:26.354000,459297481,43.663,-13.547
1592260524990,2020-06-15 22:35:24.990000,459297480,43.663,-0.1
1592260522007,2020-06-15 22:35:22.007000,459297478,43.664,-0.15
1592260522002,2020-06-15 22:35:22.002000,459297477,43.664,-0.2
1592260521170,2020-06-15 22:35:21.170000,459297476,43.712,-12.0
1592260520160,2020-06-15 22:35:20.160000,459297475,43.722,-16.95919312
1592260520160,2020-06-15 22:35:20.160000,459297474,43.722,-38.31332473
1592260520109,2020-06-15 22:35:20.109000,459297473,43.722,-7.39667527
1592260492814,2020-06-15 22:34:52.814000,459297469,43.751,-13.699
1592260490904,2020-06-15 22:34:50.904000,459297468,43.751,-7.43857447
1592260311653,2020-06-15 22:31:51.653000,459297442,43.871,-0.00062211
1592260311019,2020-06-15 22:31:51.019000,459297441,43.871,-7.738
1592259987008,2020-06-15 22:26:27.008000,459297406,43.919,0.15964663
1592259941077,2020-06-15 22:25:41.077000,459297404,43.909,-0.1
1592259739426,2020-06-15 22:22:19.426000,459297390,43.859,1.8458
1592259575419,2020-06-15 22:19:35.419000,459297367,43.854,-8.32305649
1592259542186,2020-06-15 22:19:02.186000,459297365,43.865,-7.42718979
1592259519068,2020-06-15 22:18:39.068000,459297361,43.848,-9.44237382
1592259380017,2020-06-15 22:16:20.017000,459297354,43.913,-6.06408721
1592259379706,2020-06-15 22:16:19.706000,459297353,43.913,-7.14323914
1592259243086,2020-06-15 22:14:03.086000,459297350,43.923,-7.09844516
1592258802260,2020-06-15 22:06:42.260000,459297334,43.988,0.1
1592258581385,2020-06-15 22:03:01.385000,459297326,43.901,-7.85096811
1592258581385,2020-06-15 22:03:01.385000,459297325,43.901,-1.23432
1592258576261,2020-06-15 22:02:56.261000,459297324,43.886,0.60618
1592258443279,2020-06-15 22:00:43.279000,459297313,43.882,0.2
1592258420371,2020-06-15 22:00:20.371000,459297311,43.869,68.34898936
1592258416957,2020-06-15 22:00:16.957000,459297307,43.8,1.0
1592258402604,2020-06-15 22:00:02.604000,459297306,43.794,-1.56
1592258229103,2020-06-15 21:57:09.103000,459297289,43.729,-5.8934
1592258190164,2020-06-15 21:56:30.164000,459297274,43.725,-0.1
1592258185598,2020-06-15 21:56:25.598000,459297273,43.727,-0.1
1592258161640,2020-06-15 21:56:01.640000,459297264,43.77,-0.85
1592258161640,2020-06-15 21:56:01.640000,459297263,43.771,-1.15
1592258161640,2020-06-15 21:56:01.640000,459297262,43.771,-0.1
1592258157067,2020-06-15 21:55:57.067000,459297260,43.839,-3.3334
1592258004612,2020-06-15 21:53:24.612000,459297249,43.847,-7.17675462
1592257983501,2020-06-15 21:53:03.501000,459297247,43.901,-2.9451
1592257983501,2020-06-15 21:53:03.501000,459297246,43.902,-0.56210297
1592257983173,2020-06-15 21:53:03.173000,459297245,43.902,-7.17114382
1592257909841,2020-06-15 21:51:49.841000,459297240,43.917,-5.94e-06
1592257909727,2020-06-15 21:51:49.727000,459297239,43.917,-0.99999406
1592257909727,2020-06-15 21:51:49.727000,459297238,43.917,-7.73104594
1592257725051,2020-06-15 21:48:45.051000,459297230,43.931,-2.0
1592257477053,2020-06-15 21:44:37.053000,459297218,43.909,0.1
1592257424587,2020-06-15 21:43:44.587000,459297215,43.897,-0.2
1592257363091,2020-06-15 21:42:43.091000,459297211,43.873,-0.1
1592257217986,2020-06-15 21:40:17.986000,459297209,43.863,-2.94
1592257217975,2020-06-15 21:40:17.975000,459297208,43.863,-7.36
1592257215432,2020-06-15 21:40:15.432000,459297207,43.863,-9.7
1592257213898,2020-06-15 21:40:13.898000,459297206,43.901,-5.216
1592257213738,2020-06-15 21:40:13.738000,459297205,43.921,-4.46358733
1592257213738,2020-06-15 21:40:13.738000,459297204,43.921,-3.26719459
1592257180298,2020-06-15 21:39:40.298000,459297203,43.921,-0.79377243
1592257180298,2020-06-15 21:39:40.298000,459297202,43.921,-4.03515765
1592257180298,2020-06-15 21:39:40.298000,459297201,43.921,-0.17106992
1592257064272,2020-06-15 21:37:44.272000,459297196,43.923,0.3
1592257064272,2020-06-15 21:37:44.272000,459297195,43.922,4.7
1592256952752,2020-06-15 21:35:52.752000,459297192,43.921,-4.18894778
1592256952752,2020-06-15 21:35:52.752000,459297191,43.921,-0.787261
1592256918596,2020-06-15 21:35:18.596000,459297186,43.921,-0.1
1592256896781,2020-06-15 21:34:56.781000,459297182,43.921,-4.66784325
1592256896781,2020-06-15 21:34:56.781000,459297181,43.921,-0.37610381
1592256883620,2020-06-15 21:34:43.620000,459297180,43.921,-5.45002212
1592256857044,2020-06-15 21:34:17.044000,459297178,43.921,-6.93816046
1592256759416,2020-06-15 21:32:39.416000,459297176,43.92,-8.0
1592256759416,2020-06-15 21:32:39.416000,459297175,43.92,-44.74816108
1592256759416,2020-06-15 21:32:39.416000,459297174,43.921,-15.95183892
1592256748053,2020-06-15 21:32:28.053000,459274170,43.968,-0.88948154
1592256744369,2020-06-15 21:32:24.369000,459274169,43.968,-7.43831741
1592256547729,2020-06-15 21:29:07.729000,459274154,43.981,-0.1
1592256534215,2020-06-15 21:28:54.215000,459274151,43.98,-31.21478556
1592256534215,2020-06-15 21:28:54.215000,459274150,43.994,-10.0
1592256534215,2020-06-15 21:28:54.215000,459274149,44.002,-7.71690244
1592256533379,2020-06-15 21:28:53.379000,459274148,44.001,-3.00026305
1592256533379,2020-06-15 21:28:53.379000,459274147,44.001,-3.46655171
1592256475679,2020-06-15 21:27:55.679000,459274142,44.001,-1.25
1592256457753,2020-06-15 21:27:37.753000,459274140,44.001,-3.0
1592256452871,2020-06-15 21:27:32.871000,459274139,44.009,-2.727
1592256449477,2020-06-15 21:27:29.477000,459274138,44.021,-7.01687318
1592256447421,2020-06-15 21:27:27.421000,459274137,44.021,-0.69669859
1592256444849,2020-06-15 21:27:24.849000,459274136,44.021,-8.12300818
1592256386808,2020-06-15 21:26:26.808000,459274135,44.02,-8.98018156
1592256386808,2020-06-15 21:26:26.808000,459274134,44.039,-11.01981844
1592256162308,2020-06-15 21:22:42.308000,459274124,44.05,10.51272
1592256102804,2020-06-15 21:21:42.804000,459274123,44.05,3.97383674
1592256076141,2020-06-15 21:21:16.141000,459274122,44.037,-1.0
1592256065218,2020-06-15 21:21:05.218000,459274121,44.049,1.69173249
1592256037714,2020-06-15 21:20:37.714000,459274120,44.049,0.1
1592256007362,2020-06-15 21:20:07.362000,459274119,44.049,3.36350107
1592255975820,2020-06-15 21:19:35.820000,459274117,44.042,-0.09023866
1592255974411,2020-06-15 21:19:34.411000,459274116,44.05,8.0
1592255949530,2020-06-15 21:19:09.530000,459274114,44.049,2.88355024
1592255875035,2020-06-15 21:17:55.035000,459274113,44.053,29.46762498
1592255875035,2020-06-15 21:17:55.035000,459274112,44.052,8.0
1592255839239,2020-06-15 21:17:19.239000,459274108,44.03,2.6804181
1592255781720,2020-06-15 21:16:21.720000,459274107,44.02,1.0211271
1592255723885,2020-06-15 21:15:23.885000,459274105,44.02,1.87996897
1592255723885,2020-06-15 21:15:23.885000,459274104,44.019,0.8522372
1592255712018,2020-06-15 21:15:12.018000,459274103,44.019,0.25
1592255658925,2020-06-15 21:14:18.925000,459274101,44.019,2.18296152
1592255658156,2020-06-15 21:14:18.156000,459274100,44.004,-0.1
1592255538984,2020-06-15 21:12:18.984000,459274093,44.02,24.09672636
1592255538984,2020-06-15 21:12:18.984000,459274092,44.019,8.0
1592255538984,2020-06-15 21:12:18.984000,459274091,44.008,2.0
1592255445061,2020-06-15 21:10:45.061000,459274084,44.005,-2.0
1592255430268,2020-06-15 21:10:30.268000,459274083,44.02,122.88945726
1592255430268,2020-06-15 21:10:30.268000,459274082,44.018,10.08
1592255322401,2020-06-15 21:08:42.401000,459274080,43.999,44.70028247
1592255311876,2020-06-15 21:08:31.876000,459274079,43.975,-10.0
1592255259224,2020-06-15 21:07:39.224000,459274077,43.955,-12.0
1592255151295,2020-06-15 21:05:51.295000,459274064,44.022,-19.91
1592255054647,2020-06-15 21:04:14.647000,459274063,43.996,8.0
1592254957160,2020-06-15 21:02:37.160000,459274055,44.04,-0.40216774
1592254957160,2020-06-15 21:02:37.160000,459274054,44.04,-7.84415761
1592254626971,2020-06-15 20:57:06.971000,459274010,43.989,0.25
1592254595433,2020-06-15 20:56:35.433000,459274006,43.989,1.79470218
1592254566307,2020-06-15 20:56:06.307000,459274000,43.976,-8.0
1592254565131,2020-06-15 20:56:05.131000,459273999,43.997,-7.85155557
1592254565131,2020-06-15 20:56:05.131000,459273998,43.998,-8.91125189
1592254530882,2020-06-15 20:55:30.882000,459273991,43.997,-0.08841715
1592254529148,2020-06-15 20:55:29.148000,459273990,43.987,-4.15377339
1592254505291,2020-06-15 20:55:05.291000,459273989,43.951,-1.03377503
1592254505291,2020-06-15 20:55:05.291000,459273988,43.978,-7.36e-06
1592254496973,2020-06-15 20:54:56.973000,459273987,43.978,-10.2379
1592254491098,2020-06-15 20:54:51.098000,459273983,44.017,-12.797
1592254474092,2020-06-15 20:54:34.092000,459273978,44.028,-8.0
1592254473958,2020-06-15 20:54:33.958000,459273977,44.07,-0.00063419
1592254472283,2020-06-15 20:54:32.283000,459273973,44.07,-15.996
1592254462642,2020-06-15 20:54:22.642000,459273972,44.048,3.50362263
1592254461171,2020-06-15 20:54:21.171000,459273967,44.048,0.69637737
1592254461171,2020-06-15 20:54:21.171000,459273966,44.046,4.63155945
1592254459851,2020-06-15 20:54:19.851000,459273960,44.045,0.701
1592254458760,2020-06-15 20:54:18.760000,459273947,44.036,-0.1
1592254458258,2020-06-15 20:54:18.258000,459273944,44.035,-0.1
1592254458251,2020-06-15 20:54:18.251000,459273943,44.02,5.7e-06
1592254458218,2020-06-15 20:54:18.218000,459273942,44.02,45.71428
1592254457146,2020-06-15 20:54:17.146000,459273939,44.0,0.1
1592254457146,2020-06-15 20:54:17.146000,459273938,44.0,10.0
1592254457146,2020-06-15 20:54:17.146000,459273937,44.0,5.0
1592254457146,2020-06-15 20:54:17.146000,459273936,44.0,10.0
1592254457146,2020-06-15 20:54:17.146000,459273935,44.0,0.1
1592254457146,2020-06-15 20:54:17.146000,459273934,44.0,12.639485
1592254457008,2020-06-15 20:54:17.008000,459273933,44.0,9.358
1592254457003,2020-06-15 20:54:17.003000,459273932,44.0,28.47
1592254456931,2020-06-15 20:54:16.931000,459273931,44.0,9.532515
1592254456931,2020-06-15 20:54:16.931000,459273930,44.0,0.1
1592254456931,2020-06-15 20:54:16.931000,459273929,44.0,0.1
1592254456590,2020-06-15 20:54:16.590000,459273928,43.991,0.209
1592254455978,2020-06-15 20:54:15.978000,459273925,43.982,3.32667039
1592254455661,2020-06-15 20:54:15.661000,459273924,43.982,6.49720978
1592254455661,2020-06-15 20:54:15.661000,459273923,43.978,0.121
1592254455661,2020-06-15 20:54:15.661000,459273922,43.977,0.00086315
1592254445508,2020-06-15 20:54:05.508000,459273912,43.977,6.627
1592254444441,2020-06-15 20:54:04.441000,459273908,43.968,0.5
1592254443840,2020-06-15 20:54:03.840000,459273904,43.95,4.9
1592254443391,2020-06-15 20:54:03.391000,459273903,43.949,10.581
1592254392488,2020-06-15 20:53:12.488000,459273900,43.9,9.85
1592254195407,2020-06-15 20:49:55.407000,459273895,43.9,0.15
1592254145002,2020-06-15 20:49:05.002000,459273889,43.861,-0.57251
1592254062192,2020-06-15 20:47:42.192000,459273887,43.84,0.1
1592253950483,2020-06-15 20:45:50.483000,459273881,43.872,-1.0
1592253869030,2020-06-15 20:44:29.030000,459273880,43.883,0.2
1592253626750,2020-06-15 20:40:26.750000,459273866,43.879,0.1
1592253623626,2020-06-15 20:40:23.626000,459273865,43.878,3.6295
1592253412759,2020-06-15 20:36:52.759000,459273847,43.839,-9.9
1592253311795,2020-06-15 20:35:11.795000,459273828,43.84,0.1
1592253218939,2020-06-15 20:33:38.939000,459273827,43.837,-1.0
1592252962706,2020-06-15 20:29:22.706000,459273822,43.787,27.5
1592252855456,2020-06-15 20:27:35.456000,459273815,43.778,-6.90397957
1592252855456,2020-06-15 20:27:35.456000,459273814,43.778,-0.53340089
1592252824474,2020-06-15 20:27:04.474000,459273813,43.778,-7.35751692
1592252704729,2020-06-15 20:25:04.729000,459273812,43.809,-0.88542019
1592252508082,2020-06-15 20:21:48.082000,459273810,43.81,0.1
1592252465272,2020-06-15 20:21:05.272000,459273809,43.79,-0.1
1592252418683,2020-06-15 20:20:18.683000,459273807,43.76,3.5748
1592252404948,2020-06-15 20:20:04.948000,459273805,43.743,-2.23657
1592251996473,2020-06-15 20:13:16.473000,459273798,43.71,-141.88580951
1592251996473,2020-06-15 20:13:16.473000,459273797,43.711,-40.31551535
1592251996473,2020-06-15 20:13:16.473000,459273796,43.732,-7.79867514
1592251996473,2020-06-15 20:13:16.473000,459273795,43.732,-0.1
1592251738054,2020-06-15 20:08:58.054000,459273782,43.769,-7.57652882
1592251738054,2020-06-15 20:08:58.054000,459273781,43.769,-0.0072398
1592251705889,2020-06-15 20:08:25.889000,459273780,43.769,-11.58
1592251580727,2020-06-15 20:06:20.727000,459273776,43.735,-0.988712
1592251580669,2020-06-15 20:06:20.669000,459273775,43.735,-13.47916022
1592251580669,2020-06-15 20:06:20.669000,459273774,43.735,-0.00083978
1592251578601,2020-06-15 20:06:18.601000,459273771,43.735,-17.108
1592251576730,2020-06-15 20:06:16.730000,459273769,43.735,-0.98
1592251572981,2020-06-15 20:06:12.981000,459273767,43.779,-5.34683318
1592251572900,2020-06-15 20:06:12.900000,459273766,43.779,-0.63280515
1592251572900,2020-06-15 20:06:12.900000,459273765,43.779,-16.39719485
1592251516109,2020-06-15 20:05:16.109000,459273763,43.779,-0.1
1592251474225,2020-06-15 20:04:34.225000,459273759,43.779,-0.15
1592251407317,2020-06-15 20:03:27.317000,459273756,43.779,-7.37522378
1592251401250,2020-06-15 20:03:21.250000,459273755,43.779,-0.1
1592251277752,2020-06-15 20:01:17.752000,459273752,43.802,-1.0
1592251256070,2020-06-15 20:00:56.070000,459273751,43.829,-6.50767853
1592251252925,2020-06-15 20:00:52.925000,459273749,43.829,-2.27
1592251241950,2020-06-15 20:00:41.950000,459273748,43.833,0.1
1592251222430,2020-06-15 20:00:22.430000,459273747,43.844,2.27
1592251218923,2020-06-15 20:00:18.923000,459273746,43.84,3.7637
1592251206602,2020-06-15 20:00:06.602000,459273744,43.74,173.0
1592251206516,2020-06-15 20:00:06.516000,459273743,43.709,0.0004
1592251205888,2020-06-15 20:00:05.888000,459273742,43.709,0.4359
1592251205888,2020-06-15 20:00:05.888000,459273741,43.709,1.9921
1592251093827,2020-06-15 19:58:13.827000,459273737,43.727,-12.82458882
1592250866752,2020-06-15 19:54:26.752000,459273729,43.78,20.0
1592250840476,2020-06-15 19:54:00.476000,459273728,43.754,-0.1
1592250746558,2020-06-15 19:52:26.558000,459273723,43.74,2.2878
1592250746558,2020-06-15 19:52:26.558000,459273722,43.74,0.00194872
1592250742536,2020-06-15 19:52:22.536000,459273721,43.74,7.99785128
1592250579659,2020-06-15 19:49:39.659000,459273715,43.707,-0.9995
1592250527795,2020-06-15 19:48:47.795000,459273714,43.72,0.25
1592250520897,2020-06-15 19:48:40.897000,459273713,43.718,0.25
1592250023466,2020-06-15 19:40:23.466000,459273696,43.739,4.20061961
1592250023466,2020-06-15 19:40:23.466000,459273695,43.729,1.54498039
1592250013971,2020-06-15 19:40:13.971000,459273694,43.74,5.7
1592249962337,2020-06-15 19:39:22.337000,459273693,43.725,-0.1
1592249951994,2020-06-15 19:39:11.994000,459273692,43.712,-0.1
1592249936306,2020-06-15 19:38:56.306000,459273691,43.745,-8.03086098
1592249840399,2020-06-15 19:37:20.399000,459273688,43.72,10.0
1592249681427,2020-06-15 19:34:41.427000,459273684,43.686,0.15
1592249611912,2020-06-15 19:33:31.912000,459273683,43.696,3.22014875
1592249595033,2020-06-15 19:33:15.033000,459273681,43.7,2.82565238
1592249588659,2020-06-15 19:33:08.659000,459273680,43.724,0.1
1592249539578,2020-06-15 19:32:19.578000,459273679,43.66,2.30921848
1592249232622,2020-06-15 19:27:12.622000,459273669,43.67,-25.0
1592249232622,2020-06-15 19:27:12.622000,459273668,43.67,-28.65833532
1592249232622,2020-06-15 19:27:12.622000,459273667,43.672,-8.0
1592249232622,2020-06-15 19:27:12.622000,459273666,43.676,-23.0
1592249232622,2020-06-15 19:27:12.622000,459273665,43.684,-0.34166468
1592249103640,2020-06-15 19:25:03.640000,459273659,43.73,-4.92480034
1592249103640,2020-06-15 19:25:03.640000,459273658,43.732,-9.07519966
1592249103640,2020-06-15 19:25:03.640000,459273657,43.733,-8.0
1592249103640,2020-06-15 19:25:03.640000,459273656,43.742,-10.0
1592249073215,2020-06-15 19:24:33.215000,459273653,43.759,1.51101535
1592249073215,2020-06-15 19:24:33.215000,459273652,43.75,7.48898465
1592249058718,2020-06-15 19:24:18.718000,459273647,43.73,8.11725457
1592248915654,2020-06-15 19:21:55.654000,459273637,43.788,-7.88497483
1592248913131,2020-06-15 19:21:53.131000,459273632,43.816,-7.88
1592248842984,2020-06-15 19:20:42.984000,459273623,43.9,5.2667
1592248742915,2020-06-15 19:19:02.915000,459273616,43.89,-4.99993315
1592248742915,2020-06-15 19:19:02.915000,459273615,43.89,-2.87006685
1592248729652,2020-06-15 19:18:49.652000,459273608,43.892,1.6333
1592248723245,2020-06-15 19:18:43.245000,459273607,43.89,-5.0
1592248609660,2020-06-15 19:16:49.660000,459273593,43.939,6.9845
1592248590260,2020-06-15 19:16:30.260000,459273590,43.949,-0.21964743
1592248581796,2020-06-15 19:16:21.796000,459273588,43.95,0.1
1592248530407,2020-06-15 19:15:30.407000,459273570,43.95,2.5
1592248530403,2020-06-15 19:15:30.403000,459273569,43.95,2.5
1592248529769,2020-06-15 19:15:29.769000,459273568,43.92,10.0
1592248528288,2020-06-15 19:15:28.288000,459273566,43.899,7.2039
1592248474594,2020-06-15 19:14:34.594000,459273557,43.891,-5.92
1592248423439,2020-06-15 19:13:43.439000,459273550,43.871,-0.09998372
1592248413810,2020-06-15 19:13:33.810000,459273547,43.871,-0.25
1592248409351,2020-06-15 19:13:29.351000,459273545,43.871,-0.5
1592248276541,2020-06-15 19:11:16.541000,459273525,43.877,10.0
1592248255187,2020-06-15 19:10:55.187000,459273522,43.874,0.1
1592248119237,2020-06-15 19:08:39.237000,459273493,43.84,0.1
1592248098435,2020-06-15 19:08:18.435000,459273492,43.833,-3.0
1592247958479,2020-06-15 19:05:58.479000,459273481,43.835,0.77681235
1592247929033,2020-06-15 19:05:29.033000,459273476,43.835,8.92318765
1592247905320,2020-06-15 19:05:05.320000,459273475,43.835,0.3
1592247904397,2020-06-15 19:05:04.397000,459273474,43.82,0.3
1592247903523,2020-06-15 19:05:03.523000,459273473,43.81,0.3
1592247903295,2020-06-15 19:05:03.295000,459273472,43.809,0.38
1592247903171,2020-06-15 19:05:03.171000,459273471,43.809,11.64
1592247846705,2020-06-15 19:04:06.705000,459273469,43.85,-8.42816792
1592247846705,2020-06-15 19:04:06.705000,459273468,43.85,-0.00082173
1592247844040,2020-06-15 19:04:04.040000,459273467,43.85,-59.4
1592247842968,2020-06-15 19:04:02.968000,459273466,43.851,-8.26790491
1592247842910,2020-06-15 19:04:02.910000,459273465,43.851,-2.27
1592247838752,2020-06-15 19:03:58.752000,459273463,43.858,2.0
1592247838490,2020-06-15 19:03:58.490000,459273462,43.85,-11.70017827
1592247838490,2020-06-15 19:03:58.490000,459273461,43.859,-13.18156739
1592247838490,2020-06-15 19:03:58.490000,459273460,43.859,-0.00024434
1592247834402,2020-06-15 19:03:54.402000,459273459,43.859,-16.481
1592247732482,2020-06-15 19:02:12.482000,459273451,43.84,0.2
1592247732482,2020-06-15 19:02:12.482000,459273450,43.831,0.1
1592247726438,2020-06-15 19:02:06.438000,459273448,43.818,45.71
1592247629396,2020-06-15 19:00:29.396000,459273423,43.791,5.14777785
1592247624327,2020-06-15 19:00:24.327000,459273421,43.791,-20.51658315
1592247606191,2020-06-15 19:00:06.191000,459273420,43.77,-1.56
1592247536806,2020-06-15 18:58:56.806000,459273416,43.73,7.0
1592247531793,2020-06-15 18:58:51.793000,459273415,43.77,-7.89181904
1592247517617,2020-06-15 18:58:37.617000,459273413,43.774,0.1
1592247485343,2020-06-15 18:58:05.343000,459273410,43.8,-5.66552097
1592247485343,2020-06-15 18:58:05.343000,459273409,43.8,-2.23847705
1592247479505,2020-06-15 18:57:59.505000,459273407,43.8,-7.0918038
1592247474645,2020-06-15 18:57:54.645000,459273406,43.817,10.0
1592247372304,2020-06-15 18:56:12.304000,459273398,43.76,2.23771535
1592247331639,2020-06-15 18:55:31.639000,459273396,43.713,-0.5
1592247306786,2020-06-15 18:55:06.786000,459273391,43.713,-1.94860259
1592247215041,2020-06-15 18:53:35.041000,459273388,43.694,-0.13912447
1592247168903,2020-06-15 18:52:48.903000,459273385,43.685,0.25
1592247130218,2020-06-15 18:52:10.218000,459273384,43.696,-1.98258477
1592247130218,2020-06-15 18:52:10.218000,459273383,43.696,-0.1
1592246901339,2020-06-15 18:48:21.339000,459273379,43.719,9.5
1592246859882,2020-06-15 18:47:39.882000,459273377,43.693,-0.2497
1592246682172,2020-06-15 18:44:42.172000,459273371,43.653,-0.59044378
1592246682172,2020-06-15 18:44:42.172000,459273370,43.654,-14.38679463
1592246682172,2020-06-15 18:44:42.172000,459273369,43.654,-0.45739249
1592246682172,2020-06-15 18:44:42.172000,459273368,43.675,-9.9
1592246682172,2020-06-15 18:44:42.172000,459273367,43.675,-12.6653691
1592246637628,2020-06-15 18:43:57.628000,459273365,43.684,3.106204
1592246619910,2020-06-15 18:43:39.910000,459273364,43.667,-1.0
1592246536548,2020-06-15 18:42:16.548000,459273359,43.71,1.543
1592246472779,2020-06-15 18:41:12.779000,459273358,43.684,-0.25
1592246444850,2020-06-15 18:40:44.850000,459273356,43.69,0.1
1592246388258,2020-06-15 18:39:48.258000,459273354,43.72,-16.222
1592246345954,2020-06-15 18:39:05.954000,459273352,43.708,-8.11032581
1592246294364,2020-06-15 18:38:14.364000,459273349,43.709,-0.1
1592246288915,2020-06-15 18:38:08.915000,459273348,43.705,-0.1
1592245869015,2020-06-15 18:31:09.015000,459273338,43.602,23.0
1592245869015,2020-06-15 18:31:09.015000,459273337,43.592,10.0
1592245783103,2020-06-15 18:29:43.103000,459273327,43.624,-8.0
1592245781714,2020-06-15 18:29:41.714000,459273326,43.65,-0.48831459
1592245726734,2020-06-15 18:28:46.734000,459273323,43.68,-34.37434061
1592245726734,2020-06-15 18:28:46.734000,459273322,43.685,-11.04018661
1592245726734,2020-06-15 18:28:46.734000,459273321,43.69,-0.69668768
1592245726734,2020-06-15 18:28:46.734000,459273320,43.691,-9.8887851
1592245722513,2020-06-15 18:28:42.513000,459273319,43.699,-10.0
1592245692530,2020-06-15 18:28:12.530000,459273316,43.724,0.1
1592245659296,2020-06-15 18:27:39.296000,459273313,43.73,1.0
1592245629277,2020-06-15 18:27:09.277000,459273312,43.7,-5.0
1592245598949,2020-06-15 18:26:38.949000,459273310,43.77,-2.9
1592245475710,2020-06-15 18:24:35.710000,459273300,43.75,5.0
1592245397132,2020-06-15 18:23:17.132000,459273293,43.733,-0.1
1592245243017,2020-06-15 18:20:43.017000,459273285,43.769,20.63487044
1592245243017,2020-06-15 18:20:43.017000,459273284,43.759,10.0
1592245078072,2020-06-15 18:17:58.072000,459273275,43.739,0.25
1592244989070,2020-06-15 18:16:29.070000,459273274,43.716,-7.9
1592244950410,2020-06-15 18:15:50.410000,459273270,43.745,-7.897
1592244943893,2020-06-15 18:15:43.893000,459273265,43.746,0.719
1592244908997,2020-06-15 18:15:08.997000,459273264,43.712,-0.1
1592244901891,2020-06-15 18:15:01.891000,459273263,43.68,7.3829946
1592244662792,2020-06-15 18:11:02.792000,459273228,43.662,-7.903
1592244616271,2020-06-15 18:10:16.271000,459273217,43.716,-7.90212306
1592244616271,2020-06-15 18:10:16.271000,459273216,43.716,-0.00087694
1592244614321,2020-06-15 18:10:14.321000,459273214,43.716,-8.497
1592244612785,2020-06-15 18:10:12.785000,459273212,43.73,-9.84154498
1592244609009,2020-06-15 18:10:09.009000,459273211,43.732,-1.0
1592244547403,2020-06-15 18:09:07.403000,459226169,43.65,5.0
1592244407994,2020-06-15 18:06:47.994000,459226149,43.631,-10.436
1592244307126,2020-06-15 18:05:07.126000,459226137,43.687,-5.12520979
1592244302247,2020-06-15 18:05:02.247000,459226136,43.687,-8.02030969
1592244269282,2020-06-15 18:04:29.282000,459226132,43.686,-5.91538477
1592244269282,2020-06-15 18:04:29.282000,459226131,43.693,-11.436675
1592244268506,2020-06-15 18:04:28.506000,459226129,43.708,-16.46466662
1592244199277,2020-06-15 18:03:19.277000,459226125,43.617,20.579492
1592244198755,2020-06-15 18:03:18.755000,459226124,43.616,17.13340592
1592244137825,2020-06-15 18:02:17.825000,459226119,43.616,7.18710208
1592244132437,2020-06-15 18:02:12.437000,459226118,43.616,0.1
1592244004392,2020-06-15 18:00:04.392000,459226097,43.43,-38.42154068
1592244004392,2020-06-15 18:00:04.392000,459226096,43.431,-58.24842523
1592244004392,2020-06-15 18:00:04.392000,459226095,43.433,-7.94938048
1592244004392,2020-06-15 18:00:04.392000,459226094,43.436,-0.97810008
1592243759640,2020-06-15 17:55:59.640000,459226087,43.469,1.61225
1592243739060,2020-06-15 17:55:39.060000,459226086,43.483,-7.10209405
1592243699675,2020-06-15 17:54:59.675000,459226083,43.499,8.4139
1592243678375,2020-06-15 17:54:38.375000,459226079,43.488,-4.29139882
1592243638668,2020-06-15 17:53:58.668000,459226077,43.5,-1.37992448
1592243638115,2020-06-15 17:53:58.115000,459226076,43.5,-6.56159881
1592243616210,2020-06-15 17:53:36.210000,459226075,43.508,0.1
1592243357265,2020-06-15 17:49:17.265000,459226071,43.46,-1.72751
1592243106812,2020-06-15 17:45:06.812000,459226069,43.46,-1.52392815
1592243106812,2020-06-15 17:45:06.812000,459226068,43.465,-1.14576147
1592243089364,2020-06-15 17:44:49.364000,459226067,43.495,-0.60890857
1592243089364,2020-06-15 17:44:49.364000,459226066,43.497,-7.49063734
1592243089364,2020-06-15 17:44:49.364000,459226065,43.497,-0.45216397
1592243072925,2020-06-15 17:44:32.925000,459226063,43.498,2.0
1592243044695,2020-06-15 17:44:04.695000,459226062,43.497,-7.81513195
1592242912592,2020-06-15 17:41:52.592000,459226057,43.51,4.0
1592242901299,2020-06-15 17:41:41.299000,459226056,43.51,4.0
1592242847966,2020-06-15 17:40:47.966000,459226052,43.5,-0.1
1592242373675,2020-06-15 17:32:53.675000,459226040,43.475,-0.102
1592242327012,2020-06-15 17:32:07.012000,459226037,43.459,0.1
1592241796091,2020-06-15 17:23:16.091000,459226021,43.433,-1.687
1592241468983,2020-06-15 17:17:48.983000,459226017,43.472,-0.09182461
1592241418573,2020-06-15 17:16:58.573000,459226012,43.49,1.0
1592241281311,2020-06-15 17:14:41.311000,459226007,43.47,-0.6
1592241083079,2020-06-15 17:11:23.079000,459225996,43.433,8.0
1592241006463,2020-06-15 17:10:06.463000,459225991,43.405,-0.62956179
1592240932304,2020-06-15 17:08:52.304000,459225988,43.43,-27.65102814
1592240932304,2020-06-15 17:08:52.304000,459225987,43.431,-64.37545451
1592240932304,2020-06-15 17:08:52.304000,459225986,43.436,-7.97351735
1592240916828,2020-06-15 17:08:36.828000,459225985,43.439,-10.0
1592240895642,2020-06-15 17:08:15.642000,459225984,43.433,-2.0
1592240826426,2020-06-15 17:07:06.426000,459225981,43.479,1.0
1592240824052,2020-06-15 17:07:04.052000,459225980,43.473,4.0
1592240715926,2020-06-15 17:05:15.926000,459225971,43.471,-5.47100599
1592240636335,2020-06-15 17:03:56.335000,459225967,43.49,39.86023909
1592240636335,2020-06-15 17:03:56.335000,459225966,43.487,9.23764631
1592240636335,2020-06-15 17:03:56.335000,459225965,43.477,0.9021146
1592240556718,2020-06-15 17:02:36.718000,459225964,43.498,0.1
1592240153873,2020-06-15 16:55:53.873000,459225945,43.451,-3.0
1592239963456,2020-06-15 16:52:43.456000,459225939,43.529,0.1
1592239957309,2020-06-15 16:52:37.309000,459225938,43.45,7.82005054
1592239946680,2020-06-15 16:52:26.680000,459225935,43.45,8.40759923
1592239922303,2020-06-15 16:52:02.303000,459225934,43.45,0.15
1592239830736,2020-06-15 16:50:30.736000,459225933,43.441,1.0
1592239662118,2020-06-15 16:47:42.118000,459225923,43.419,-0.7993187
1592239409112,2020-06-15 16:43:29.112000,459225915,43.419,5.72069719
1592239379626,2020-06-15 16:42:59.626000,459225913,43.419,5.31018226
1592239379338,2020-06-15 16:42:59.338000,459225912,43.419,6.12649245
1592239378597,2020-06-15 16:42:58.597000,459225911,43.419,6.01217619
1592239377981,2020-06-15 16:42:57.981000,459225910,43.419,5.55501173
1592239377602,2020-06-15 16:42:57.602000,459225909,43.419,6.16884777
1592239377318,2020-06-15 16:42:57.318000,459225908,43.419,5.91286887
1592239374481,2020-06-15 16:42:54.481000,459225907,43.419,6.82182734
1592239366699,2020-06-15 16:42:46.699000,459225906,43.419,11.53
1592239364831,2020-06-15 16:42:44.831000,459225905,43.419,6.63080779
1592239364148,2020-06-15 16:42:44.148000,459225904,43.419,7.65013175
1592239350868,2020-06-15 16:42:30.868000,459225902,43.419,7.42021159
1592239220761,2020-06-15 16:40:20.761000,459225897,43.39,-7.801994
1592239210242,2020-06-15 16:40:10.242000,459225896,43.369,1.998006
1592239210242,2020-06-15 16:40:10.242000,459225895,43.345,0.2
1592239085976,2020-06-15 16:38:05.976000,459225888,43.4,0.21532697
1592239048966,2020-06-15 16:37:28.966000,459225883,43.344,-11.53
1592238901773,2020-06-15 16:35:01.773000,459225879,43.324,3.575e-05
1592238901404,2020-06-15 16:35:01.404000,459225878,43.324,0.9137
1592238894306,2020-06-15 16:34:54.306000,459225874,43.316,-40.0
1592238848138,2020-06-15 16:34:08.138000,459225873,43.316,-5.0
1592238801751,2020-06-15 16:33:21.751000,459225870,43.336,-3.0
1592238801751,2020-06-15 16:33:21.751000,459225869,43.339,-12.0
1592238744672,2020-06-15 16:32:24.672000,459225864,43.367,-0.11363213
1592238714343,2020-06-15 16:31:54.343000,459225863,43.374,5.0
1592238681943,2020-06-15 16:31:21.943000,459225862,43.374,-29.03036
1592238681943,2020-06-15 16:31:21.943000,459225861,43.384,-0.96964
1592238522009,2020-06-15 16:28:42.009000,459225853,43.445,0.17561
1592238519593,2020-06-15 16:28:39.593000,459225852,43.445,0.28999
1592238517270,2020-06-15 16:28:37.270000,459225851,43.448,0.28999
1592238515137,2020-06-15 16:28:35.137000,459225850,43.451,0.2899
1592238512958,2020-06-15 16:28:32.958000,459225848,43.451,0.2899
1592238510846,2020-06-15 16:28:30.846000,459225847,43.449,0.28984
1592238211943,2020-06-15 16:23:31.943000,459225830,43.509,1.0
1592237993262,2020-06-15 16:19:53.262000,459225802,43.697,0.15
1592237990162,2020-06-15 16:19:50.162000,459225797,43.663,2.29
1592237989023,2020-06-15 16:19:49.023000,459225794,43.59,3.5
1592237988747,2020-06-15 16:19:48.747000,459225793,43.59,16.5
1592237988719,2020-06-15 16:19:48.719000,459225792,43.58,3.39258285
1592237984576,2020-06-15 16:19:44.576000,459225791,43.58,7.96866437
1592237887929,2020-06-15 16:18:07.929000,459225781,43.58,8.63875278
1592237885288,2020-06-15 16:18:05.288000,459225779,43.56,8.92637782
1592237884918,2020-06-15 16:18:04.918000,459225778,43.56,11.07362218
1592237884077,2020-06-15 16:18:04.077000,459225777,43.558,6.11809378
1592237872286,2020-06-15 16:17:52.286000,459225773,43.474,-0.15
1592237834815,2020-06-15 16:17:14.815000,459225771,43.521,-6.89265817
1592237834568,2020-06-15 16:17:14.568000,459225770,43.557,-4e-06
1592237798812,2020-06-15 16:16:38.812000,459225768,43.557,-0.44868
1592237744760,2020-06-15 16:15:44.760000,459225763,43.558,6.13465522
1592237718671,2020-06-15 16:15:18.671000,459225760,43.558,7.747251
1592237718671,2020-06-15 16:15:18.671000,459225759,43.552,0.30525635
1592237712818,2020-06-15 16:15:12.818000,459225756,43.552,9.29038272
1592237710892,2020-06-15 16:15:10.892000,459225755,43.552,10.40436093
1592237710892,2020-06-15 16:15:10.892000,459225754,43.552,0.00687493
1592237704834,2020-06-15 16:15:04.834000,459225753,43.538,1.03477898
1592237704703,2020-06-15 16:15:04.703000,459225752,43.538,1.699
1592237704376,2020-06-15 16:15:04.376000,459225751,43.538,2.2584
1592237703574,2020-06-15 16:15:03.574000,459225750,43.538,15.00782102
1592237703216,2020-06-15 16:15:03.216000,459225749,43.537,0.35993868
1592237660223,2020-06-15 16:14:20.223000,459225747,43.523,0.1
1592237649688,2020-06-15 16:14:09.688000,459225746,43.523,-4.5057
1592237649688,2020-06-15 16:14:09.688000,459225745,43.527,-1.25
1592237528155,2020-06-15 16:12:08.155000,459225736,43.512,-19.96
1592237401753,2020-06-15 16:10:01.753000,459225720,43.552,36.94
1592237361811,2020-06-15 16:09:21.811000,459225718,43.552,-6.88763507
1592237361811,2020-06-15 16:09:21.811000,459225717,43.552,-36.16549
1592237355581,2020-06-15 16:09:15.581000,459225715,43.562,0.1
1592237350441,2020-06-15 16:09:10.441000,459225714,43.594,0.1
1592237343555,2020-06-15 16:09:03.555000,459225713,43.562,0.1
1592237336934,2020-06-15 16:08:56.934000,459225711,43.566,0.1
1592237328297,2020-06-15 16:08:48.297000,459225710,43.607,0.1
1592237286409,2020-06-15 16:08:06.409000,459225704,43.703,32.0
1592237200620,2020-06-15 16:06:40.620000,459225695,43.791,22.0
1592237200571,2020-06-15 16:06:40.571000,459225694,43.79,1.0
1592237200168,2020-06-15 16:06:40.168000,459225693,43.789,-0.1
1592237199705,2020-06-15 16:06:39.705000,459225692,43.789,-12.52632
1592237198504,2020-06-15 16:06:38.504000,459225690,43.785,9.9
1592237198404,2020-06-15 16:06:38.404000,459225689,43.785,0.1
1592237197721,2020-06-15 16:06:37.721000,459225686,43.75,2.0
1592237197721,2020-06-15 16:06:37.721000,459225685,43.75,2.5
1592237197618,2020-06-15 16:06:37.618000,459225684,43.732,18.9773
1592237197541,2020-06-15 16:06:37.541000,459225683,43.732,11.0227
1592237197345,2020-06-15 16:06:37.345000,459225682,43.731,0.1
1592237197312,2020-06-15 16:06:37.312000,459225681,43.731,6.7572
1592237196031,2020-06-15 16:06:36.031000,459225676,43.68,5.83
1592237195996,2020-06-15 16:06:35.996000,459225675,43.675,7.6e-06
1592237195988,2020-06-15 16:06:35.988000,459225674,43.675,16.40772
1592237187123,2020-06-15 16:06:27.123000,459225671,43.614,10.2475
1592237187068,2020-06-15 16:06:27.068000,459225670,43.614,15.0
1592237175768,2020-06-15 16:06:15.768000,459225660,43.614,4.0590581
1592237175768,2020-06-15 16:06:15.768000,459225659,43.613,15.9409419
1592237175768,2020-06-15 16:06:15.768000,459225658,43.604,-5.0
1592237157633,2020-06-15 16:05:57.633000,459225655,43.544,0.1
1592237146511,2020-06-15 16:05:46.511000,459225653,43.556,0.75
1592237123193,2020-06-15 16:05:23.193000,459225651,43.591,1.0
1592237123193,2020-06-15 16:05:23.193000,459225650,43.554,0.9995
1592237112956,2020-06-15 16:05:12.956000,459225644,43.54,3.59814752
1592237094284,2020-06-15 16:04:54.284000,459225628,43.54,6.22573265
1592237094284,2020-06-15 16:04:54.284000,459225627,43.529,0.1
1592237094284,2020-06-15 16:04:54.284000,459225626,43.529,0.1
1592237093308,2020-06-15 16:04:53.308000,459225624,43.488,1.68230519
1592237093292,2020-06-15 16:04:53.292000,459225623,43.488,7.8285
1592237093107,2020-06-15 16:04:53.107000,459225622,43.488,7.96484023
1592237092995,2020-06-15 16:04:52.995000,459225621,43.502,0.2
1592237092931,2020-06-15 16:04:52.931000,459225620,43.5,2.5
1592237092931,2020-06-15 16:04:52.931000,459225619,43.5,0.1
1592237092931,2020-06-15 16:04:52.931000,459225618,43.5,0.79
1592237092888,2020-06-15 16:04:52.888000,459225617,43.49,7.32e-06
1592237092871,2020-06-15 16:04:52.871000,459225616,43.49,49.99999268
1592237092871,2020-06-15 16:04:52.871000,459225615,43.489,7.32e-06
1592237092853,2020-06-15 16:04:52.853000,459225614,43.489,17.50781
1592237092177,2020-06-15 16:04:52.177000,459225613,43.471,-0.1
1592237091905,2020-06-15 16:04:51.905000,459225611,43.484,11.510262
1592237091424,2020-06-15 16:04:51.424000,459225610,43.483,10.08941517
1592237091019,2020-06-15 16:04:51.019000,459225607,43.483,7.556
1592237089673,2020-06-15 16:04:49.673000,459225603,43.45,17.96966454
1592237089091,2020-06-15 16:04:49.091000,459225601,43.451,12.49318747
1592237089091,2020-06-15 16:04:49.091000,459225600,43.447,5.63881253
1592237089087,2020-06-15 16:04:49.087000,459225599,43.447,2.11118747
1592237088906,2020-06-15 16:04:48.906000,459225598,43.447,0.25
1592237088060,2020-06-15 16:04:48.060000,459225594,43.412,5.7e-06
1592237088053,2020-06-15 16:04:48.053000,459225593,43.412,34.12928
1592237088028,2020-06-15 16:04:48.028000,459225592,43.412,11.585
1592237086634,2020-06-15 16:04:46.634000,459225591,43.4,0.25
1592237086524,2020-06-15 16:04:46.524000,459225590,43.385,1.53827824
1592237081955,2020-06-15 16:04:41.955000,459225589,43.385,6.0
1592237077143,2020-06-15 16:04:37.143000,459225588,43.385,2.46172176
1592237077143,2020-06-15 16:04:37.143000,459225587,43.383,5.03213685
1592236862152,2020-06-15 16:01:02.152000,459225566,43.244,-7.88881253
1592236844249,2020-06-15 16:00:44.249000,459225564,43.265,-8.0
1592236843400,2020-06-15 16:00:43.400000,459225562,43.29,-118.58815395
1592236746076,2020-06-15 15:59:06.076000,459225556,43.355,19.16605653
1592236746076,2020-06-15 15:59:06.076000,459225555,43.352,9.60596022
1592236746076,2020-06-15 15:59:06.076000,459225554,43.351,21.70842523
1592236746076,2020-06-15 15:59:06.076000,459225553,43.338,11.26189609
1592236746076,2020-06-15 15:59:06.076000,459225552,43.331,2.0
1592236746076,2020-06-15 15:59:06.076000,459225551,43.33,8.0
1592236746076,2020-06-15 15:59:06.076000,459225550,43.32,10.0
1592236746076,2020-06-15 15:59:06.076000,459225549,43.319,18.25766193
1592236670306,2020-06-15 15:57:50.306000,459225541,43.33,0.1
1592236632705,2020-06-15 15:57:12.705000,459225539,43.276,6.96
1592236594324,2020-06-15 15:56:34.324000,459225538,43.23,-1.0
1592236347983,2020-06-15 15:52:27.983000,459225522,43.331,-0.25
1592236209194,2020-06-15 15:50:09.194000,459225512,43.248,-3.96557292
1592236209194,2020-06-15 15:50:09.194000,459225511,43.258,-6.03442708
1592236112697,2020-06-15 15:48:32.697000,459225507,43.24,-0.00040719
1592236071397,2020-06-15 15:47:51.397000,459225506,43.24,-16.22
1592236070074,2020-06-15 15:47:50.074000,459225505,43.24,-6.54746631
1592236070074,2020-06-15 15:47:50.074000,459225504,43.25,-0.00048614
1592236057487,2020-06-15 15:47:37.487000,459225503,43.25,-1.468
1592236052339,2020-06-15 15:47:32.339000,459225502,43.25,-6.82567163
1592236049055,2020-06-15 15:47:29.055000,459225501,43.25,-6.70584223
1592236017642,2020-06-15 15:46:57.642000,459225500,43.263,5.0
1592235792327,2020-06-15 15:43:12.327000,459225488,43.257,-8.46557292
1592235719035,2020-06-15 15:41:59.035000,459225486,43.24,-7.2321265
1592235614160,2020-06-15 15:40:14.160000,459225477,43.278,0.1
1592235174850,2020-06-15 15:32:54.850000,459225471,43.234,0.1
1592235119060,2020-06-15 15:31:59.060000,459225464,43.241,-0.5
1592235030103,2020-06-15 15:30:30.103000,459225461,43.233,1.0
1592235006296,2020-06-15 15:30:06.296000,459225460,43.19,3.0
1592235006296,2020-06-15 15:30:06.296000,459225459,43.184,10.0
1592234895847,2020-06-15 15:28:15.847000,459225453,43.2,-10.22383288
1592234732736,2020-06-15 15:25:32.736000,459225448,43.29,-5.0
1592234697016,2020-06-15 15:24:57.016000,459225445,43.317,0.36936693
1592234676814,2020-06-15 15:24:36.814000,459225443,43.296,-1.1
1592234636879,2020-06-15 15:23:56.879000,459225439,43.314,8.0
1592234601653,2020-06-15 15:23:21.653000,459225435,43.28,55.37609331
1592234601653,2020-06-15 15:23:21.653000,459225434,43.278,17.53413003
1592234601653,2020-06-15 15:23:21.653000,459225433,43.278,0.1
1592234580848,2020-06-15 15:23:00.848000,459225432,43.226,54.69118971
1592234580848,2020-06-15 15:23:00.848000,459225431,43.21,45.7142857
1592234580848,2020-06-15 15:23:00.848000,459225430,43.2,0.49452459
1592234580848,2020-06-15 15:23:00.848000,459225429,43.2,2.50547541
1592234580848,2020-06-15 15:23:00.848000,459225428,43.2,5.0
1592234558649,2020-06-15 15:22:38.649000,459225427,43.181,0.5494
1592234345414,2020-06-15 15:19:05.414000,459225416,43.138,-0.15
1592234226635,2020-06-15 15:17:06.635000,459225413,43.137,-1.0
1592234160111,2020-06-15 15:16:00.111000,459225406,43.143,-0.1
1592234158151,2020-06-15 15:15:58.151000,459225405,43.168,0.1
1592234123765,2020-06-15 15:15:23.765000,459225400,43.187,2.0
1592234116947,2020-06-15 15:15:16.947000,459225398,43.169,30.0
1592234105642,2020-06-15 15:15:05.642000,459225395,43.121,-7.11966773
1592234105642,2020-06-15 15:15:05.642000,459225394,43.131,-7.88033227
1592234076565,2020-06-15 15:14:36.565000,459225393,43.086,4.23427371
1592233603780,2020-06-15 15:06:43.780000,459225371,43.013,-0.09040725
1592233126039,2020-06-15 14:58:46.039000,459225359,42.97,0.1
1592233078319,2020-06-15 14:57:58.319000,459225358,43.019,0.1
1592232953291,2020-06-15 14:55:53.291000,459225354,42.981,-0.1
1592232566506,2020-06-15 14:49:26.506000,459225340,42.97,7.68033227
1592232416642,2020-06-15 14:46:56.642000,459225333,42.99,23.87204288
1592232416642,2020-06-15 14:46:56.642000,459225332,42.967,1.12795712
1592232363460,2020-06-15 14:46:03.460000,459225330,42.893,-0.24495798
1592232363453,2020-06-15 14:46:03.453000,459225329,42.893,-1.04282113
1592232363448,2020-06-15 14:46:03.448000,459225328,42.893,-1.84068427
1592232363442,2020-06-15 14:46:03.442000,459225327,42.893,-2.63854742
1592232363435,2020-06-15 14:46:03.435000,459225326,42.893,-3.43641056
1592232350680,2020-06-15 14:45:50.680000,459225325,42.91,0.2
1592232300564,2020-06-15 14:45:00.564000,459225324,42.916,0.1
1592232291207,2020-06-15 14:44:51.207000,459225321,42.928,0.2
1592232250257,2020-06-15 14:44:10.257000,459225320,42.89,7.25541736
1592232177761,2020-06-15 14:42:57.761000,459225317,42.903,-1.134581
1592232004228,2020-06-15 14:40:04.228000,459225289,42.938,0.1
1592231926831,2020-06-15 14:38:46.831000,459225286,42.967,9.87204288
1592231833091,2020-06-15 14:37:13.091000,459225280,42.994,-0.1
1592231810530,2020-06-15 14:36:50.530000,459225278,43.029,1.0
1592231806222,2020-06-15 14:36:46.222000,459225277,43.009,6.0
1592231798761,2020-06-15 14:36:38.761000,459225276,42.977,9.14216535
1592231798388,2020-06-15 14:36:38.388000,459225274,42.977,7.22813743
1592231791301,2020-06-15 14:36:31.301000,459225273,42.977,8.33928616
1592231698513,2020-06-15 14:34:58.513000,459225269,42.97,-41.43453188
1592231698513,2020-06-15 14:34:58.513000,459225268,42.972,-8.56546812
1592231689920,2020-06-15 14:34:49.920000,459225267,42.98,50.0
1592231426171,2020-06-15 14:30:26.171000,459225257,42.91,6.78714766
1592231425821,2020-06-15 14:30:25.821000,459225256,42.91,7.83050504
1592231410582,2020-06-15 14:30:10.582000,459225255,42.919,6.78115375
1592231378729,2020-06-15 14:29:38.729000,459225253,42.936,0.25
1592231327885,2020-06-15 14:28:47.885000,459225252,42.931,7.18767076
1592231278883,2020-06-15 14:27:58.883000,459225250,42.913,7.06407457
1592231278487,2020-06-15 14:27:58.487000,459225249,42.913,8.15000266
1592231261203,2020-06-15 14:27:41.203000,459225248,42.907,7.71632671
1592231247242,2020-06-15 14:27:27.242000,459225247,42.907,8.90252255
1592231203890,2020-06-15 14:26:43.890000,459225246,42.911,-1.0
1592231113434,2020-06-15 14:25:13.434000,459225243,42.939,7.18283524
1592230945340,2020-06-15 14:22:25.340000,459225241,42.994,-2.98402
1592230883864,2020-06-15 14:21:23.864000,459225240,43.01,-0.08765452
1592230860445,2020-06-15 14:21:00.445000,459225239,43.013,6.43084683
1592230828088,2020-06-15 14:20:28.088000,459225234,43.035,0.25
1592230798288,2020-06-15 14:19:58.288000,459225232,43.002,8.0
1592230717138,2020-06-15 14:18:37.138000,459225230,43.019,1.9263
1592230677556,2020-06-15 14:17:57.556000,459225228,42.97,9.60738581
1592230653381,2020-06-15 14:17:33.381000,459225227,42.913,10.37032083
1592230651967,2020-06-15 14:17:31.967000,459225226,42.913,9.62967917
1592230630697,2020-06-15 14:17:10.697000,459225225,42.909,-100.0
1592230595550,2020-06-15 14:16:35.550000,459225218,42.984,-0.5
1592230560218,2020-06-15 14:16:00.218000,459225214,43.032,-0.7508119
1592230560218,2020-06-15 14:16:00.218000,459225213,43.038,-1.2491881
1592230518977,2020-06-15 14:15:18.977000,459225206,43.039,2.32743211
1592230515227,2020-06-15 14:15:15.227000,459225205,43.039,7.67256789
1592230448125,2020-06-15 14:14:08.125000,459225198,43.118,0.43058904
1592230423666,2020-06-15 14:13:43.666000,459225197,43.118,0.15
1592230406807,2020-06-15 14:13:26.807000,459225182,43.091,-0.26226891
1592230406798,2020-06-15 14:13:26.798000,459225181,43.091,-1.11651621
1592230406795,2020-06-15 14:13:26.795000,459225180,43.091,-1.97076351
1592230406791,2020-06-15 14:13:26.791000,459225179,43.091,-2.8250108
1592230397456,2020-06-15 14:13:17.456000,459225175,43.193,29.95222716
1592230397456,2020-06-15 14:13:17.456000,459225174,43.192,442.20905512
1592230397456,2020-06-15 14:13:17.456000,459225173,43.182,4.72422346
1592230397456,2020-06-15 14:13:17.456000,459225172,43.181,50.50772626
1592230397456,2020-06-15 14:13:17.456000,459225171,43.173,4.03818918
1592230397456,2020-06-15 14:13:17.456000,459152170,43.171,62.56857882
1592230397456,2020-06-15 14:13:17.456000,459152169,43.171,4.7485
1592230397456,2020-06-15 14:13:17.456000,459152168,43.171,340.74662118
1592230397456,2020-06-15 14:13:17.456000,459152167,43.154,25.64
1592230397456,2020-06-15 14:13:17.456000,459152166,43.154,331.20725473
1592230397456,2020-06-15 14:13:17.456000,459152165,43.154,82.79174527
1592230397456,2020-06-15 14:13:17.456000,459152164,43.148,9.70338263
1592230397456,2020-06-15 14:13:17.456000,459152163,43.141,0.1
1592230397456,2020-06-15 14:13:17.456000,459152162,43.129,37.5253
1592230397456,2020-06-15 14:13:17.456000,459152161,43.128,40.526
1592230397456,2020-06-15 14:13:17.456000,459152160,43.111,8.0
1592230397456,2020-06-15 14:13:17.456000,459152159,43.094,1.3435721
1592230397456,2020-06-15 14:13:17.456000,459152158,43.094,8.48030807
1592230338669,2020-06-15 14:12:18.669000,459152154,43.03,5.86619157
1592230337407,2020-06-15 14:12:17.407000,459152153,43.03,7.02625628
1592230337104,2020-06-15 14:12:17.104000,459152152,43.03,7.10755215
1592230272567,2020-06-15 14:11:12.567000,459152137,42.985,1.17577958
1592230264537,2020-06-15 14:11:04.537000,459152136,42.985,0.15
1592230217440,2020-06-15 14:10:17.440000,459152131,43.019,1.0
1592230211405,2020-06-15 14:10:11.405000,459152130,43.025,13.88249808
1592230211405,2020-06-15 14:10:11.405000,459152129,42.997,36.11750192
1592230211012,2020-06-15 14:10:11.012000,459152128,42.997,1.0
1592230210005,2020-06-15 14:10:10.005000,459152127,42.997,7.88249808
1592230188393,2020-06-15 14:09:48.393000,459152126,42.949,0.45474793
1592230188357,2020-06-15 14:09:48.357000,459152125,42.949,7.59098924
1592230175846,2020-06-15 14:09:35.846000,459152124,42.959,7.86612973
1592230142269,2020-06-15 14:09:02.269000,459152104,42.923,8.05558599
1592230000224,2020-06-15 14:06:40.224000,459152092,42.908,5.58711239
1592229739711,2020-06-15 14:02:19.711000,459152074,43.01,1.304632
1592229633894,2020-06-15 14:00:33.894000,459152061,42.986,-0.1
1592229631964,2020-06-15 14:00:31.964000,459152060,43.033,-11.610626
1592229624265,2020-06-15 14:00:24.265000,459152056,43.013,0.2
1592229624133,2020-06-15 14:00:24.133000,459152055,43.008,8.7e-06
1592229624070,2020-06-15 14:00:24.070000,459152054,43.008,32.72991329
1592229624070,2020-06-15 14:00:24.070000,459152053,43.007,6.71e-06
1592229623663,2020-06-15 14:00:23.663000,459152052,43.007,7.28357
1592229617361,2020-06-15 14:00:17.361000,459152051,43.007,0.75
1592229611511,2020-06-15 14:00:11.511000,459152050,43.008,12.98436371
1592229609167,2020-06-15 14:00:09.167000,459152049,43.0,100.0
1592229579306,2020-06-15 13:59:39.306000,459152044,42.95,-0.29659
1592229474881,2020-06-15 13:57:54.881000,459152040,42.901,-0.20920769
1592229375622,2020-06-15 13:56:15.622000,459152015,42.98,10.0
1592229354846,2020-06-15 13:55:54.846000,459152014,42.968,3.0
1592229288137,2020-06-15 13:54:48.137000,459152006,43.002,200.0
1592229288137,2020-06-15 13:54:48.137000,459152005,43.002,1.0
1592229288137,2020-06-15 13:54:48.137000,459152004,43.002,164.12795651
1592229288137,2020-06-15 13:54:48.137000,459152003,43.0,0.1
1592229288137,2020-06-15 13:54:48.137000,459152002,43.0,60.0
1592229288137,2020-06-15 13:54:48.137000,459152001,43.0,0.1
1592229288137,2020-06-15 13:54:48.137000,459152000,42.979,34.94223
1592229288137,2020-06-15 13:54:48.137000,459151999,42.975,4.05698245
1592229288137,2020-06-15 13:54:48.137000,459151998,42.959,366.79218507
1592229288137,2020-06-15 13:54:48.137000,459151997,42.959,218.59590948
1592229288137,2020-06-15 13:54:48.137000,459151996,42.954,39.08864421
1592229288137,2020-06-15 13:54:48.137000,459151995,42.954,31.95367576
1592229288137,2020-06-15 13:54:48.137000,459151994,42.954,26.8931809
1592229288137,2020-06-15 13:54:48.137000,459151993,42.941,443.85923562
1592229288137,2020-06-15 13:54:48.137000,459151992,42.914,87.49
1592229288137,2020-06-15 13:54:48.137000,459151991,42.914,2.5
1592229286954,2020-06-15 13:54:46.954000,459151990,42.866,259.5
1592229286941,2020-06-15 13:54:46.941000,459151989,42.866,132.839
1592229286517,2020-06-15 13:54:46.517000,459151988,42.856,9.38605118
1592229284928,2020-06-15 13:54:44.928000,459151985,42.856,30.33214997
1592229284928,2020-06-15 13:54:44.928000,459151984,42.851,9.66785003
1592229284928,2020-06-15 13:54:44.928000,459151983,42.851,80.0
1592229284928,2020-06-15 13:54:44.928000,459151982,42.851,49.0
1592229284928,2020-06-15 13:54:44.928000,459151981,42.806,45.7142857
1592229284928,2020-06-15 13:54:44.928000,459151980,42.805,15.27842719
1592229281841,2020-06-15 13:54:41.841000,459151977,42.769,0.47358537
1592229280222,2020-06-15 13:54:40.222000,459151973,42.769,8.52641463
1592229265290,2020-06-15 13:54:25.290000,459151969,42.71,45.0
1592229004685,2020-06-15 13:50:04.685000,459151952,42.554,-1.41511999
1592228811836,2020-06-15 13:46:51.836000,459151942,42.583,1.20086959
1592228715650,2020-06-15 13:45:15.650000,459151938,42.63,-34.62100681
1592228715650,2020-06-15 13:45:15.650000,459151937,42.638,-10.37899319
1592228715650,2020-06-15 13:45:15.650000,459151936,42.651,-5.0
1592228637580,2020-06-15 13:43:57.580000,459151935,42.652,0.1
1592228548913,2020-06-15 13:42:28.913000,459151927,42.67,8.52641463
1592228543082,2020-06-15 13:42:23.082000,459151926,42.679,8.54049859
1592228516875,2020-06-15 13:41:56.875000,459151922,42.639,10.0
1592228515235,2020-06-15 13:41:55.235000,459151921,42.6,0.00054247
1592228476509,2020-06-15 13:41:16.509000,459151916,42.6,17.682
1592228470269,2020-06-15 13:41:10.269000,459151915,42.6,10.17600684
1592228470056,2020-06-15 13:41:10.056000,459151914,42.598,-0.10085268
1592228465456,2020-06-15 13:41:05.456000,459151913,42.6,6.92092
1592228444430,2020-06-15 13:40:44.430000,459151912,42.581,-14.98048
1592228444430,2020-06-15 13:40:44.430000,459151911,42.59,-35.21952
1592228444430,2020-06-15 13:40:44.430000,459151910,42.59,-9.8
1592228393273,2020-06-15 13:39:53.273000,459151909,42.6,8.90220929
1592228391134,2020-06-15 13:39:51.134000,459151908,42.6,6.2683214
1592228349055,2020-06-15 13:39:09.055000,459151898,42.579,5.0
1592228349055,2020-06-15 13:39:09.055000,459151897,42.548,45.0
1592228299749,2020-06-15 13:38:19.749000,459151896,42.53,0.3
1592228225253,2020-06-15 13:37:05.253000,459151885,42.451,0.1
1592228213320,2020-06-15 13:36:53.320000,459151883,42.42,-0.1
1592228130251,2020-06-15 13:35:30.251000,459151876,42.363,6.60615102
1592228126686,2020-06-15 13:35:26.686000,459151875,42.364,1.136724
1592228103923,2020-06-15 13:35:03.923000,459151873,42.355,7.08927678
1592228082007,2020-06-15 13:34:42.007000,459151869,42.325,-0.1
1592228075878,2020-06-15 13:34:35.878000,459151868,42.315,-0.1
1592228049199,2020-06-15 13:34:09.199000,459151853,42.393,-42.0
1592228047828,2020-06-15 13:34:07.828000,459151852,42.393,-10.0
1592228026560,2020-06-15 13:33:46.560000,459151851,42.438,-0.1
1592227949906,2020-06-15 13:32:29.906000,459151844,42.449,7.9897112
1592227946478,2020-06-15 13:32:26.478000,459151843,42.427,7.22342338
1592227946478,2020-06-15 13:32:26.478000,459151842,42.427,0.92122707
1592227916612,2020-06-15 13:31:56.612000,459151840,42.427,7.29936528
1592227878558,2020-06-15 13:31:18.558000,459151839,42.396,-0.25
1592227876455,2020-06-15 13:31:16.455000,459151838,42.43,-19.493
1592227841568,2020-06-15 13:30:41.568000,459151827,42.467,6.74571873
1592227827537,2020-06-15 13:30:27.537000,459151825,42.483,7.25718151
1592227826902,2020-06-15 13:30:26.902000,459151824,42.483,3.71e-06
1592227822483,2020-06-15 13:30:22.483000,459151823,42.489,8.37279505
1592227820278,2020-06-15 13:30:20.278000,459151822,42.481,-0.1
1592227810510,2020-06-15 13:30:10.510000,459151821,42.51,-40.10912283
1592227810510,2020-06-15 13:30:10.510000,459151820,42.533,-9.89032124
1592227810510,2020-06-15 13:30:10.510000,459151819,42.534,-0.00055593
1592227709351,2020-06-15 13:28:29.351000,459151809,42.534,-17.986
1592227708619,2020-06-15 13:28:28.619000,459151808,42.534,-7.01344407
1592227504147,2020-06-15 13:25:04.147000,459151804,42.58,20.0
1592227357943,2020-06-15 13:22:37.943000,459151800,42.561,10.07873397
1592227205765,2020-06-15 13:20:05.765000,459151797,42.533,12.784958
1592227174493,2020-06-15 13:19:34.493000,459151796,42.548,2.0
1592226921077,2020-06-15 13:15:21.077000,459151788,42.49,8.73725602
1592226920109,2020-06-15 13:15:20.109000,459151787,42.49,10.08039469
1592226915573,2020-06-15 13:15:15.573000,459151786,42.49,12.23773704
1592226907084,2020-06-15 13:15:07.084000,459151785,42.49,9.1823794
1592226904353,2020-06-15 13:15:04.353000,459151784,42.48,-2.50246919
1592226841105,2020-06-15 13:14:01.105000,459151783,42.499,9.01357562
1592226825819,2020-06-15 13:13:45.819000,459151782,42.482,9.34447484
1592226825555,2020-06-15 13:13:45.555000,459151781,42.48,-12.147
1592226824498,2020-06-15 13:13:44.498000,459151780,42.489,-21.349
1592226823491,2020-06-15 13:13:43.491000,459151779,42.491,-8.96
1592226822253,2020-06-15 13:13:42.253000,459151778,42.506,-4.84284396
1592226822253,2020-06-15 13:13:42.253000,459151777,42.506,-15.19187034
1592226822253,2020-06-15 13:13:42.253000,459151776,42.506,-45.7142857
1592226821246,2020-06-15 13:13:41.246000,459151775,42.522,-1.0
1592226792785,2020-06-15 13:13:12.785000,459151774,42.523,0.87674562
1592226792785,2020-06-15 13:13:12.785000,459151773,42.523,8.1249221
1592226679303,2020-06-15 13:11:19.303000,459151770,42.54,-35.26
1592226677279,2020-06-15 13:11:17.279000,459151769,42.548,-9.177
1592226661408,2020-06-15 13:11:01.408000,459151768,42.557,-0.08183568
1592226486265,2020-06-15 13:08:06.265000,459151766,42.588,8.11995722
1592226414027,2020-06-15 13:06:54.027000,459151764,42.549,6.16709398
1592226414027,2020-06-15 13:06:54.027000,459151763,42.549,1.95190602
1592226298372,2020-06-15 13:04:58.372000,459151761,42.549,3.67591127
1592226298372,2020-06-15 13:04:58.372000,459151760,42.549,2.49271249
1592226278745,2020-06-15 13:04:38.745000,459151757,42.549,5.97256512
1592226267140,2020-06-15 13:04:27.140000,459151756,42.55,6.89070042
1592226246621,2020-06-15 13:04:06.621000,459151754,42.554,6.72560783
1592226210967,2020-06-15 13:03:30.967000,459151752,42.554,2.0
1592226016509,2020-06-15 13:00:16.509000,459151741,42.619,-1.192635
1592226016509,2020-06-15 13:00:16.509000,459151740,42.62,-8.24
1592226016509,2020-06-15 13:00:16.509000,459151739,42.622,-2.537365
1592226016509,2020-06-15 13:00:16.509000,459151738,42.622,-20.0
1592226016509,2020-06-15 13:00:16.509000,459151737,42.623,-8.0
1592225825210,2020-06-15 12:57:05.210000,459151721,42.631,6.5
1592225724518,2020-06-15 12:55:24.518000,459151712,42.61,1.41780548
1592225724518,2020-06-15 12:55:24.518000,459151711,42.6,8.11023603
1592225724518,2020-06-15 12:55:24.518000,459151710,42.6,9.26195849
1592225715621,2020-06-15 12:55:15.621000,459151709,42.6,10.73804151
1592225715621,2020-06-15 12:55:15.621000,459151708,42.598,8.11137849
1592225641614,2020-06-15 12:54:01.614000,459151706,42.591,2.537365
1592225641614,2020-06-15 12:54:01.614000,459151705,42.587,8.197275
1592225573504,2020-06-15 12:52:53.504000,459151704,42.599,6.44075541
1592225531403,2020-06-15 12:52:11.403000,459151702,42.597,-0.97258077
1592225531403,2020-06-15 12:52:11.403000,459151701,42.598,-4.51984348
1592225531399,2020-06-15 12:52:11.399000,459151700,42.598,-3.33333333
1592225531394,2020-06-15 12:52:11.394000,459151699,42.598,-1.17424242
1592225462363,2020-06-15 12:51:02.363000,459151698,42.59,1.845
1592225461146,2020-06-15 12:51:01.146000,459151697,42.59,1.67765235
1592225461146,2020-06-15 12:51:01.146000,459151696,42.59,8.32231726
1592225422457,2020-06-15 12:50:22.457000,459151695,42.59,4.14042
1592225417326,2020-06-15 12:50:17.326000,459151694,42.59,0.26875525
1592225147571,2020-06-15 12:45:47.571000,459151692,42.645,-0.1
1592225146041,2020-06-15 12:45:46.041000,459151691,42.66,-99.0
1592225144089,2020-06-15 12:45:44.089000,459151690,42.66,-17.7018
1592225144089,2020-06-15 12:45:44.089000,459151689,42.667,-41.2982
1592225144089,2020-06-15 12:45:44.089000,459151688,42.668,-8.0
1592225144089,2020-06-15 12:45:44.089000,459151687,42.673,-32.0
1592224954039,2020-06-15 12:42:34.039000,459151680,42.689,9.14185686
1592224889271,2020-06-15 12:41:29.271000,459151676,42.699,0.1
1592224837169,2020-06-15 12:40:37.169000,459151675,42.73,-0.00057853
1592224836949,2020-06-15 12:40:36.949000,459151674,42.73,-12.96
1592224836875,2020-06-15 12:40:36.875000,459151673,42.73,-17.03942147
1592224836875,2020-06-15 12:40:36.875000,459151672,42.731,-0.0003
1592224829287,2020-06-15 12:40:29.287000,459151671,42.731,-1.404
1592224786494,2020-06-15 12:39:46.494000,459151665,42.731,-0.1
1592224731778,2020-06-15 12:38:51.778000,459151664,42.731,-0.08
1592224676961,2020-06-15 12:37:56.961000,459151663,42.731,-0.1
1592224438305,2020-06-15 12:33:58.305000,459151658,42.781,7.46409007
1592224383681,2020-06-15 12:33:03.681000,459151657,42.766,8.61151072
1592224375282,2020-06-15 12:32:55.282000,459151656,42.78,6.29602824
1592224298731,2020-06-15 12:31:38.731000,459151655,42.779,-18.6703637
1592224298731,2020-06-15 12:31:38.731000,459151654,42.779,-20.0
1592224298731,2020-06-15 12:31:38.731000,459151653,42.779,-10.32
1592224298731,2020-06-15 12:31:38.731000,459151652,42.779,-1.0096363
1592223942622,2020-06-15 12:25:42.622000,459151647,42.701,-0.08716778
1592223865927,2020-06-15 12:24:25.927000,459151643,42.75,-33.458517
1592223638531,2020-06-15 12:20:38.531000,459151635,42.732,-20.0
1592223638531,2020-06-15 12:20:38.531000,459151634,42.742,-10.0
1592223598960,2020-06-15 12:19:58.960000,459151632,42.76,0.1
1592223491283,2020-06-15 12:18:11.283000,459151629,42.75,27.25929545
1592223491283,2020-06-15 12:18:11.283000,459151628,42.744,2.74070455
1592223488546,2020-06-15 12:18:08.546000,459151627,42.742,7.25929545
1592223421763,2020-06-15 12:17:01.763000,459151625,42.756,-20.0
1592223421763,2020-06-15 12:17:01.763000,459151624,42.766,-10.0
1592223313725,2020-06-15 12:15:13.725000,459151623,42.751,2.85860586
1592223248191,2020-06-15 12:14:08.191000,459151622,42.765,-14.41540907
1592223248191,2020-06-15 12:14:08.191000,459151621,42.765,-10.39239736
1592223248191,2020-06-15 12:14:08.191000,459151620,42.766,-8.46747911
1592223142370,2020-06-15 12:12:22.370000,459151616,42.779,0.1
1592223128462,2020-06-15 12:12:08.462000,459151615,42.759,-0.25
1592223127562,2020-06-15 12:12:07.562000,459151614,42.765,6.99690481
1592223009227,2020-06-15 12:10:09.227000,459151610,42.796,7.42051391
1592222927888,2020-06-15 12:08:47.888000,459151609,42.811,21.92935983
1592222927888,2020-06-15 12:08:47.888000,459151608,42.811,7.37820911
1592222927888,2020-06-15 12:08:47.888000,459151607,42.811,0.69243106
1592222906912,2020-06-15 12:08:26.912000,459151605,42.811,7.37849191
1592222807849,2020-06-15 12:06:47.849000,459151600,42.811,2.22439212
1592222807324,2020-06-15 12:06:47.324000,459151599,42.811,7.77560788
1592222807324,2020-06-15 12:06:47.324000,459151598,42.805,19.18315919
1592222807324,2020-06-15 12:06:47.324000,459151597,42.804,8.07158293
1592222778942,2020-06-15 12:06:18.942000,459151596,42.804,5.0
1592222733039,2020-06-15 12:05:33.039000,459151589,42.804,13.25861489
1592222733039,2020-06-15 12:05:33.039000,459151588,42.798,8.72645511
1592222618839,2020-06-15 12:03:38.839000,459151578,42.798,-8.52002327
1592222322066,2020-06-15 11:58:42.066000,459151569,42.79,0.1
1592222242069,2020-06-15 11:57:22.069000,459151565,42.79,7.4233541
1592222223104,2020-06-15 11:57:03.104000,459151563,42.792,8.5645126
1592222167290,2020-06-15 11:56:07.290000,459151561,42.804,0.101
1592222165759,2020-06-15 11:56:05.759000,459151560,42.804,8.17151162
1592222020587,2020-06-15 11:53:40.587000,459151552,42.733,8.0859
1592221990300,2020-06-15 11:53:10.300000,459151549,42.732,-0.1
1592221869220,2020-06-15 11:51:09.220000,459151544,42.75,-0.61733017
1592221864464,2020-06-15 11:51:04.464000,459151543,42.75,-4.38266983
1592221864464,2020-06-15 11:51:04.464000,459151542,42.75,-1.86562406
1592221843714,2020-06-15 11:50:43.714000,459151541,42.75,-8.13437594
1592221722984,2020-06-15 11:48:42.984000,459151537,42.754,0.1
1592221625767,2020-06-15 11:47:05.767000,459151536,42.784,1.0
1592221514044,2020-06-15 11:45:14.044000,459151533,42.789,4.95155146
1592221514044,2020-06-15 11:45:14.044000,459151532,42.789,2.82545052
1592221444134,2020-06-15 11:44:04.134000,459151530,42.789,5.0
1592221366026,2020-06-15 11:42:46.026000,459151527,42.789,0.25
1592221327940,2020-06-15 11:42:07.940000,459151526,42.751,8.08158968
1592221111332,2020-06-15 11:38:31.332000,459151524,42.766,1.65806463
1592221110355,2020-06-15 11:38:30.355000,459151523,42.766,6.78736865
1592220969402,2020-06-15 11:36:09.402000,459151521,42.789,-9.99
1592220824330,2020-06-15 11:33:44.330000,459151515,42.788,-10.0
1592220663227,2020-06-15 11:31:03.227000,459151513,42.753,-9.08482102
1592220635685,2020-06-15 11:30:35.685000,459151512,42.76,-10.22383288
1592220612349,2020-06-15 11:30:12.349000,459151510,42.763,-11.73963809
1592220576600,2020-06-15 11:29:36.600000,459151509,42.751,0.1
1592220287689,2020-06-15 11:24:47.689000,459151501,42.761,-4.06096319
1592220196207,2020-06-15 11:23:16.207000,459151498,42.72,-7.18220079
1592220193068,2020-06-15 11:23:13.068000,459151496,42.742,0.1
1592220058431,2020-06-15 11:20:58.431000,459151489,42.703,1.0
1592220024242,2020-06-15 11:20:24.242000,459151488,42.67,47.33268053
1592220024242,2020-06-15 11:20:24.242000,459151487,42.669,7.62691684
1592220024242,2020-06-15 11:20:24.242000,459151486,42.664,80.0
1592220018515,2020-06-15 11:20:18.515000,459151485,42.669,1.0
1592220017882,2020-06-15 11:20:17.882000,459151484,42.643,-0.14850871
1592220005103,2020-06-15 11:20:05.103000,459151483,42.65,-5.93903681
1592219933156,2020-06-15 11:18:53.156000,459151480,42.57,-10.1353003
1592219909080,2020-06-15 11:18:29.080000,459151479,42.55,-4.417008
1592219705577,2020-06-15 11:15:05.577000,459151473,42.589,6.339724
1592219507454,2020-06-15 11:11:47.454000,459151468,42.549,1.30108818
1592219506871,2020-06-15 11:11:46.871000,459151467,42.549,5.73461649
1592219506871,2020-06-15 11:11:46.871000,459151466,42.549,1.08425255
1592219498685,2020-06-15 11:11:38.685000,459151465,42.549,6.03570467
1592219497432,2020-06-15 11:11:37.432000,459151464,42.549,0.19897387
1592219497432,2020-06-15 11:11:37.432000,459151463,42.549,0.80102613
1592219471240,2020-06-15 11:11:11.240000,459151458,42.549,7.32036264
1592219445537,2020-06-15 11:10:45.537000,459151456,42.547,-5.0
1592219346600,2020-06-15 11:09:06.600000,459151453,42.56,0.1
1592219332725,2020-06-15 11:08:52.725000,459151452,42.499,2.71103801
1592219332609,2020-06-15 11:08:52.609000,459151451,42.499,4.08814136
1592219332609,2020-06-15 11:08:52.609000,459151450,42.499,1.33033108
1592219324576,2020-06-15 11:08:44.576000,459151448,42.498,-0.30309
1592219320437,2020-06-15 11:08:40.437000,459151447,42.499,6.82650067
1592219281743,2020-06-15 11:08:01.743000,459151444,42.5,18.85913285
1592219281743,2020-06-15 11:08:01.743000,459151443,42.499,10.21972596
1592219281743,2020-06-15 11:08:01.743000,459151442,42.495,0.92114119
1592219275931,2020-06-15 11:07:55.931000,459151441,42.478,4.87052408
1592219275931,2020-06-15 11:07:55.931000,459151440,42.478,1.8448789
1592219232385,2020-06-15 11:07:12.385000,459151439,42.477,-23.36
